@article{su2013using,
  title={Using Bayesian networks to discover relations between genes, environment, and disease},
  author={Su, Chengwei and Andrew, Angeline and Karagas, Margaret R and Borsuk, Mark E},
  journal={BioData mining},
  volume={6},
  number={1},
  pages={6},
  year={2013},
  publisher={BioMed Central}
}

@article{rink2011automatic,
  title={Automatic extraction of relations between medical concepts in clinical texts},
  author={Rink, Bryan and Harabagiu, Sanda and Roberts, Kirk},
  journal={Journal of the American Medical Informatics Association},
  volume={18},
  number={5},
  pages={594--600},
  year={2011},
  publisher={BMJ Group BMA House, Tavistock Square, London, WC1H 9JR}
}

@article{maier2013sound,
  title={A sound and complete algorithm for learning causal models from relational data},
  author={Maier, Marc and Marazopoulou, Katerina and Arbour, David and Jensen, David},
  journal={arXiv preprint arXiv:1309.6843},
  year={2013}
}

@incollection{teh2011dirichlet,
  title={Dirichlet process},
  author={Teh, Yee Whye},
  booktitle={Encyclopedia of machine learning},
  pages={280--287},
  year={2011},
  publisher={Springer}
}

@inproceedings{rasmussen2000infinite,
  title={The infinite Gaussian mixture model},
  author={Rasmussen, Carl Edward},
  booktitle={Advances in neural information processing systems},
  pages={554--560},
  year={2000}
}

@inproceedings{yu2010jointly,
  title={Jointly identifying entities and extracting relations in encyclopedia text via a graphical model approach},
  author={Yu, Xiaofeng and Lam, Wai},
  booktitle={Proceedings of the 23rd International Conference on Computational Linguistics: Posters},
  pages={1399--1407},
  year={2010},
  organization={Association for Computational Linguistics}
}

@inproceedings{kemp2006learning,
  title={Learning systems of concepts with an infinite relational model},
  author={Kemp, Charles and Tenenbaum, Joshua B and Griffiths, Thomas L and Yamada, Takeshi and Ueda, Naonori},
  booktitle={AAAI},
  volume={3},
  pages={5},
  year={2006}
}

@article{xu2006learning,
  title={Learning infinite hidden relational models},
  author={Xu, Zhao and Tresp, Volker and Yu, Kai and Kriegel, Hans-Peter},
  journal={Uncertainity in Artificial Intelligence (UAI2006)},
  year={2006}
}

@inproceedings{xu2005dirichlet,
  title={Dirichlet enhanced relational learning},
  author={Xu, Zhao and Tresp, Volker and Yu, Kai and Yu, Shipeng and Kriegel, Hans-Peter},
  booktitle={Proceedings of the 22nd international conference on Machine learning},
  pages={1004--1011},
  year={2005},
  organization={ACM}
}

@inproceedings{pawar2016end,
  title={End-to-end relation extraction using markov logic networks},
  author={Pawar, Sachin and Bhattacharyya, Pushpak and Palshikar, Girish},
  booktitle={Proceedings of the 17th International Conference on Intelligent Text Processing and Computational Linguistics (CICLing 2016), LNCS},
  volume={9624},
  year={2016}
}

@inproceedings{satpal2011web,
  title={Web information extraction using markov logic networks},
  author={Satpal, Sandeepkumar and Bhadra, Sahely and Sellamanickam, Sundararajan and Rastogi, Rajeev and Sen, Prithviraj},
  booktitle={Proceedings of the 17th ACM SIGKDD international conference on Knowledge discovery and data mining},
  pages={1406--1414},
  year={2011},
  organization={ACM}
}

@techreport{heckerman2004probabilistic,
  title={Probabilistic models for relational data},
  author={Heckerman, David and Meek, Christopher and Koller, Daphne},
  year={2004},
  institution={Technical Report MSR-TR-2004-30, Microsoft Research}
}

@article{bunescu2007statistical,
  title={Statistical relational learning for natural language information extraction},
  author={Bunescu, Razvan and Mooney, Raymond J},
  journal={Introduction to Statistical relational learning},
  pages={535--552},
  year={2007},
  publisher={MIT}
}

@article{Yu:2004:NHB:1008992.1009053,
 author = {Yu, Kai and Tresp, Volker and Yu, Shipeng},
 title = {A Nonparametric Hierarchical Bayesian Framework for Information Filtering},
 booktitle = {Proceedings of the 27th Annual International ACM SIGIR Conference on Research and Development in Information Retrieval},
 series = {SIGIR '04},
 year = {2004},
 isbn = {1-58113-881-4},
 location = {Sheffield, United Kingdom},
 pages = {353--360},
 numpages = {8},
 url = {http://doi.acm.org/10.1145/1008992.1009053},
 doi = {10.1145/1008992.1009053},
 acmid = {1009053},
 publisher = {ACM},
 address = {New York, NY, USA},
 keywords = {collaborative filtering, content-based filtering, dirichlet process, nonparametric bayesian modelling}
} 

@article{lucas2010learning,
  title={Learning the form of causal relationships using hierarchical Bayesian models},
  author={Lucas, Christopher G and Griffiths, Thomas L},
  journal={Cognitive Science},
  volume={34},
  number={1},
  pages={113--147},
  year={2010},
  publisher={Wiley Online Library}
}

@article{garnelo2016towards,
  title={Towards deep symbolic reinforcement learning},
  author={Garnelo, Marta and Arulkumaran, Kai and Shanahan, Murray},
  journal={arXiv preprint arXiv:1609.05518},
  year={2016}
}

@article{mnih2015human,
  title={Human-level control through deep reinforcement learning},
  author={Mnih, Volodymyr and Kavukcuoglu, Koray and Silver, David and Rusu, Andrei A and Veness, Joel and Bellemare, Marc G and Graves, Alex and Riedmiller, Martin and Fidjeland, Andreas K and Ostrovski, Georg and others},
  journal={Nature},
  volume={518},
  number={7540},
  pages={529--533},
  year={2015},
  publisher={Nature Publishing Group}
}

@article{mnih2013playing,
  title={Playing Atari with Deep Reinforcement Learning},
  author={Mnih, Volodymyr and Kavukcuoglu, Koray and Silver, David and Graves, Alex and Antonoglou, Ioannis and Wierstra, Daan and Riedmiller, Martin},
  journal={arXiv preprint arXiv:1312.5602},
  year={2013}
}

@book{clark2015surfing,
  title={Surfing uncertainty: Prediction, action, and the embodied mind},
  author={Clark, Andy},
  year={2015},
  publisher={Oxford University Press}
}

@article{clark2013whatever,
  title={Whatever next? Predictive brains, situated agents, and the future of cognitive science},
  author={Clark, Andy},
  journal={Behavioral and Brain Sciences},
  volume={36},
  number={03},
  pages={181--204},
  year={2013},
  publisher={Cambridge Univ Press}
}

@article{clark2013many,
  title={The many faces of precision (Replies to commentaries on “Whatever next? Neural prediction, situated agents, and the future of cognitive science”)},
  author={Clark, Andy},
  journal={Frontiers in psychology},
  volume={4},
  pages={270},
  year={2013},
  publisher={Frontiers}
}

@article{clark2014perceiving,
  title={Perceiving as predicting},
  author={Clark, Andy},
  journal={Perception and its modalities},
  year={2014}
}

@article{clark2013expecting,
  title={Expecting the world: perception, prediction, and the origins of human knowledge},
  author={Clark, Andy},
  journal={The Journal of Philosophy},
  volume={110},
  number={9},
  pages={469--496},
  year={2013}
}

@incollection{clark2015embodied,
  title={Embodied prediction},
  author={Clark, Andy},
  booktitle={Open MIND},
  year={2015},
  publisher={Open MIND. Frankfurt am Main: MIND Group}
}

@book{sutton1998reinforcement,
  title={Reinforcement learning: An introduction},
  author={Sutton, Richard S and Barto, Andrew G},
  volume={1},
  number={1},
  year={1998},
  publisher={MIT press Cambridge}
}

@book{bermudez2014cognitive,
  title={Cognitive science: An introduction to the science of the mind},
  author={Berm{\'u}dez, Jos{\'e} Luis},
  year={2014},
  publisher={Cambridge University Press}
}

@book{dayan2001theoretical,
  title={Theoretical neuroscience},
  author={Dayan, Peter and Abbott, Laurence F},
  volume={10},
  year={2001},
  publisher={Cambridge, MA: MIT Press}
}

@article{helmholtz18601962,
  title={1962},
  author={Helmholtz, H von},
  journal={Handbuch der physiologischen optik},
  volume={3},
  year={1860}
}

@article{dayan1995helmholtz,
  title={The helmholtz machine},
  author={Dayan, Peter and Hinton, Geoffrey E and Neal, Radford M and Zemel, Richard S},
  journal={Neural computation},
  volume={7},
  number={5},
  pages={889--904},
  year={1995},
  publisher={MIT Press}
}

@article{dayan1996varieties,
  title={Varieties of Helmholtz machine},
  author={Dayan, Peter and Hinton, Geoffrey E},
  journal={Neural Networks},
  volume={9},
  number={8},
  pages={1385--1403},
  year={1996},
  publisher={Elsevier}
}

@article{hinton1994autoencoders,
  title={Autoencoders, minimum description length, and Helmholtz free energy},
  author={Hinton, Geoffrey E and Zemel, Richard S},
  journal={Advances in neural information processing systems},
  pages={3--3},
  year={1994},
  publisher={Citeseer}
}

@article{hinton1995wake,
  title={The  “wake-sleep” algorithm for unsupervised neural networks},
  author={Hinton, Geoffrey E and Dayan, Peter and Frey, Brendan J and Neal, Radford M},
  journal={Science},
  volume={268},
  number={5214},
  pages={1158},
  year={1995},
  publisher={The American Association for the Advancement of Science}
}

@article{friston2005theory,
  title={A theory of cortical responses},
  author={Friston, Karl},
  journal={Philosophical transactions of the Royal Society B: Biological sciences},
  volume={360},
  number={1456},
  pages={815--836},
  year={2005},
  publisher={The Royal Society}
}

@article{lee2003hierarchical,
  title={Hierarchical Bayesian inference in the visual cortex},
  author={Lee, Tai Sing and Mumford, David},
  journal={JOSA A},
  volume={20},
  number={7},
  pages={1434--1448},
  year={2003},
  publisher={Optical Society of America}
}

@article{brown2011active,
  title={Active inference, attention, and motor preparation},
  author={Brown, Harriet and Friston, Karl J and Bestmann, Sven},
  journal={Frontiers in psychology},
  volume={2},
  pages={218},
  year={2011},
  publisher={Frontiers}
}

@article{friston2010free,
  title={The free-energy principle: a unified brain theory?},
  author={Friston, Karl},
  journal={Nature Reviews Neuroscience},
  volume={11},
  number={2},
  pages={127--138},
  year={2010},
  publisher={Nature Publishing Group}
}

@book{hohwy2013predictive,
  title={The predictive mind},
  author={Hohwy, Jakob},
  year={2013},
  publisher={Oxford University Press}
}

@article{marr1982vision,
  title={Vision: A computational investigation into the human representation and processing of visual information},
  author={Marr, David},
  year={1982}
}

@article{Lin1992,
author="Lin, Long-Ji",
title="Self-improving reactive agents based on reinforcement learning, planning and teaching",
journal="Machine Learning",
year="1992",
volume="8",
number="3",
pages="293--321",
abstract="To date, reinforcement learning has mostly been studied solving simple learning tasks. Reinforcement learning methods that have been studied so far typically converge slowly. The purpose of this work is thus two-fold: 1) to investigate the utility of reinforcement learning in solving much more complicated learning tasks than previously studied, and 2) to investigate methods that will speed up reinforcement learning.",
issn="1573-0565",
doi="10.1007/BF00992699",
url="http://dx.doi.org/10.1007/BF00992699"
}

@article{DBLP:journals/corr/MnihBMGLHSK16,
author={Mnih, Volodymyr and Badia, Adria Puigdomenech and Mirza, Mehdi and Graves, Alex and Lillicrap, Timothy P and Harley, Tim and Silver, David and Kavukcuoglu, Koray},
title= {Asynchronous Methods for Deep Reinforcement Learning},
journal= {CoRR},
volume= {abs/1602.01783},
year= {2016},
url= {http://arxiv.org/abs/1602.01783},
biburl= {http://dblp.uni-trier.de/rec/bib/journals/corr/MnihBMGLHSK16},
bibsource = {dblp computer science bibliography, http://dblp.org}
}

@book{bertsekas1995dynamic,
  title={Dynamic programming and optimal control},
  author={Bertsekas, Dimitri P and Bertsekas, Dimitri P and Bertsekas, Dimitri P and Bertsekas, Dimitri P},
  volume={1},
  number={2},
  year={1995},
  publisher={Athena Scientific Belmont, MA}
}

@book{busoniu2010reinforcement,
  title={Reinforcement learning and dynamic programming using function approximators},
  author={Busoniu, Lucian and Babuska, Robert and De Schutter, Bart and Ernst, Damien},
  volume={39},
  year={2010},
  publisher={CRC press}
}

@book{Goodfellow-et-al-2016,
    title={Deep Learning},
    author={Ian Goodfellow and Yoshua Bengio and Aaron Courville},
    publisher={MIT Press},
    note={\url{http://www.deeplearningbook.org}},
    year={2016}
}

@article{DBLP:journals/corr/SchulmanLMJA15,
  author    = {John Schulman and
               Sergey Levine and
               Philipp Moritz and
               Michael I. Jordan and
               Pieter Abbeel},
  title     = {Trust Region Policy Optimization},
  journal   = {CoRR},
  volume    = {abs/1502.05477},
  year      = {2015},
  url       = {http://arxiv.org/abs/1502.05477},
  timestamp = {Mon, 02 Mar 2015 14:17:34 +0100},
  biburl    = {http://dblp.uni-trier.de/rec/bib/journals/corr/SchulmanLMJA15},
  bibsource = {dblp computer science bibliography, http://dblp.org}
}

@article{DBLP:journals/corr/SchulmanMLJA15,
  author    = {John Schulman and
               Philipp Moritz and
               Sergey Levine and
               Michael I. Jordan and
               Pieter Abbeel},
  title     = {High-Dimensional Continuous Control Using Generalized Advantage Estimation},
  journal   = {CoRR},
  volume    = {abs/1506.02438},
  year      = {2015},
  url       = {http://arxiv.org/abs/1506.02438},
  timestamp = {Wed, 01 Jul 2015 15:10:24 +0200},
  biburl    = {http://dblp.uni-trier.de/rec/bib/journals/corr/SchulmanMLJA15},
  bibsource = {dblp computer science bibliography, http://dblp.org}
}

@article{grondman2012survey,
  title={A survey of actor-critic reinforcement learning: Standard and natural policy gradients},
  author={Grondman, Ivo and Busoniu, Lucian and Lopes, Gabriel AD and Babuska, Robert},
  journal={IEEE Transactions on Systems, Man, and Cybernetics, Part C (Applications and Reviews)},
  volume={42},
  number={6},
  pages={1291--1307},
  year={2012},
  publisher={IEEE}
}

@article{konda2003onactor,
  title={Onactor-critic algorithms},
  author={Konda, Vijay R and Tsitsiklis, John N},
  journal={SIAM journal on Control and Optimization},
  volume={42},
  number={4},
  pages={1143--1166},
  year={2003},
  publisher={SIAM}
}

@article{richter2007natural,
  title={Natural actor-critic for road traffic optimisation},
  author={Richter, Silvia and Aberdeen, Douglas and Yu, Jin and others},
  journal={Advances in neural information processing systems},
  volume={19},
  pages={1169},
  year={2007},
  publisher={MIT; 1998}
}

@article{boyan2002technical,
  title={Technical update: Least-squares temporal difference learning},
  author={Boyan, Justin A},
  journal={Machine Learning},
  volume={49},
  number={2-3},
  pages={233--246},
  year={2002},
  publisher={Springer}
}

@article{baxter2001infinite,
  title={Infinite-horizon policy-gradient estimation},
  author={Baxter, Jonathan and Bartlett, Peter L.},
  journal={Journal of Artificial Intelligence Research},
  volume={15},
  pages={319--350},
  year={2001}
}

@article{berenji2003convergent,
  title={A convergent actor-critic-based FRL algorithm with application to power management of wireless transmitters},
  author={Berenji, Hamid R and Vengerov, David},
  journal={IEEE Transactions on Fuzzy Systems},
  volume={11},
  number={4},
  pages={478--485},
  year={2003},
  publisher={IEEE}
}

@article{sutton1988learning,
  title={Learning to predict by the methods of temporal differences},
  author={Sutton, Richard S},
  journal={Machine learning},
  volume={3},
  number={1},
  pages={9--44},
  year={1988},
  publisher={Springer}
}

@book{Puterman:1994:MDP:528623,
 author = {Puterman, Martin L.},
 title = {Markov Decision Processes: Discrete Stochastic Dynamic Programming},
 year = {1994},
 isbn = {0471619779},
 edition = {1st},
 publisher = {John Wiley \& Sons, Inc.},
 address = {New York, NY, USA}
} 

@inproceedings{girju2003automatic,
  title={Automatic detection of causal relations for question answering},
  author={Girju, Roxana},
  booktitle={Proceedings of the ACL 2003 workshop on Multilingual summarization and question answering-Volume 12},
  pages={76--83},
  year={2003},
  organization={Association for Computational Linguistics}
}

@inproceedings{girju2002text,
  title={Text mining for causal relations.},
  author={Girju, Roxana and Moldovan, Dan I and others},
  booktitle={FLAIRS Conference},
  pages={360--364},
  year={2002}
}

@inproceedings{khoo2000extracting,
  title={Extracting causal knowledge from a medical database using graphical patterns},
  author={Khoo, Christopher SG and Chan, Syin and Niu, Yun},
  booktitle={Proceedings of the 38th Annual Meeting on Association for Computational Linguistics},
  pages={336--343},
  year={2000},
  organization={Association for Computational Linguistics}
}

@inproceedings{sanchez2004acquiring,
  title={Acquiring Bayesian Networks from Text.},
  author={Sanchez-Graillet, Olivia and Poesio, Massimo},
  booktitle={LREC},
  year={2004}
}

@inproceedings{perrin2008global,
  title={Global dynamics network construction from the web},
  author={Perrin, Thomas and Kawai, Hideki and Kunieda, Kasuo and Yamada, Keiji},
  booktitle={Information-Explosion and Next Generation Search, 2008. INGS'08. International Workshop on},
  pages={69--76},
  year={2008},
  organization={IEEE}
}

@inproceedings{saito2007extraction,
  title={Extraction of Statistical Terms and Co-occurrence Networks from Newspapers.},
  author={Saito, Haruka and Kawai, Hideki and Tsuchida, Masaaki and Mizuguchi, Hironori and Kusui, Dai},
  booktitle={NTCIR},
  year={2007}
}

@article{sakai2008cause,
  title={Cause information extraction from financial articles concerning business performance},
  author={Sakai, Hiroyuki and Masuyama, Shigeru},
  journal={IEICE TRANSACTIONS on Information and Systems},
  volume={91},
  number={4},
  pages={959--968},
  year={2008},
  publisher={The Institute of Electronics, Information and Communication Engineers}
}

@article{maier2013reasoning,
  title={Reasoning about independence in probabilistic models of relational data},
  author={Maier, Marc and Marazopoulou, Katerina and Jensen, David},
  journal={arXiv preprint arXiv:1302.4381},
  year={2013}
}

@article{maier2013sound,
  title={A sound and complete algorithm for learning causal models from relational data},
  author={Maier, Marc and Marazopoulou, Katerina and Arbour, David and Jensen, David},
  journal={arXiv preprint arXiv:1309.6843},
  year={2013}
}

@inproceedings{lee2016learning,
  title={On Learning Causal Models from Relational Data.},
  author={Lee, Sanghack and Honavar, Vasant},
  booktitle={AAAI},
  pages={3263--3270},
  year={2016}
}

@inproceedings{singh1994learning,
  title={Learning Without State-Estimation in Partially Observable Markovian Decision Processes.},
  author={Singh, Satinder P and Jaakkola, Tommi S and Jordan, Michael I and others},
  booktitle={ICML},
  pages={284--292},
  year={1994}
}

@inproceedings{jaakkola1995reinforcement,
  title={Reinforcement learning algorithm for partially observable Markov decision problems},
  author={Jaakkola, Tommi and Singh, Satinder P and Jordan, Michael I},
  booktitle={Advances in neural information processing systems},
  pages={345--352},
  year={1995}
}

@incollection{gershman2015reinforcement,
  title={Reinforcement learning and causal models},
  author={Gershman, Samuel J},
  booktitle={The Oxford Handbook of Causal Reasoning},
  year={2015}
}

@inproceedings{cassandra1994acting,
  title={Acting optimally in partially observable stochastic domains},
  author={Cassandra, Anthony R and Kaelbling, Leslie Pack and Littman, Michael L},
  booktitle={AAAI},
  volume={94},
  pages={1023--1028},
  year={1994}
}

@article{courville2006bayesian,
  title={Bayesian theories of conditioning in a changing world},
  author={Courville, Aaron C and Daw, Nathaniel D and Touretzky, David S},
  journal={Trends in cognitive sciences},
  volume={10},
  number={7},
  pages={294--300},
  year={2006},
  publisher={Elsevier}
}

@article{gershman2010learning,
  title={Learning latent structure: carving nature at its joints},
  author={Gershman, Samuel J and Niv, Yael},
  journal={Current opinion in neurobiology},
  volume={20},
  number={2},
  pages={251--256},
  year={2010},
  publisher={Elsevier}
}

@article{gershman2012exploring,
  title={Exploring a latent cause theory of classical conditioning},
  author={Gershman, Samuel J and Niv, Yael},
  journal={Learning \& behavior},
  volume={40},
  number={3},
  pages={255--268},
  year={2012},
  publisher={Springer}
}

@article{ramani2005consolidating,
  title={Consolidating the set of known human protein-protein interactions in preparation for large-scale mapping of the human interactome},
  author={Ramani, Arun K and Bunescu, Razvan C and Mooney, Raymond J and Marcotte, Edward M},
  journal={Genome Biology},
  volume={6},
  number={5},
  pages={R40},
  year={2005},
  publisher={BioMed Central}
}

@book{koller2009probabilistic,
  title={Probabilistic graphical models: principles and techniques},
  author={Koller, Daphne and Friedman, Nir},
  year={2009},
  publisher={MIT press}
}

@book{pearl2009causality,
  title={Causality},
  author={Pearl, Judea},
  year={2009},
  publisher={Cambridge university press}
}

@inproceedings{lee2015lifted,
  title={Lifted representation of relational causal models revisited: Implications for reasoning and structure learning},
  author={Lee, Sanghack and Honavar, Vasant},
  booktitle={Proceedings of the UAI 2015 Conference on Advances in Causal Inference-Volume 1504},
  pages={56--65},
  year={2015},
  organization={CEUR-WS. org}
}

@article{bojduj2009extraction,
  title={Extraction of causal-association networks from unstructured text data},
  author={Bojduj, Brett N},
  journal={Master's Theses and Project Reports},
  pages={138},
  year={2009}
}

@inproceedings{wellen2012learning,
  title={Learning causal structure through local prediction-error learning},
  author={Wellen, Sarah and Danks, David},
  year={2012},
  organization={Cognitive Science Society}
}

@inproceedings{kummerfeld2013tracking,
  title={Tracking time-varying graphical structure},
  author={Kummerfeld, Erich and Danks, David},
  booktitle={Advances in neural information processing systems},
  pages={1205--1213},
  year={2013}
}

@inproceedings{bonawitz2011simple,
  title={A simple sequential algorithm for approximating Bayesian inference},
  author={Bonawitz, Elizabeth and Denison, Stephanie and Chen, Annie and Gopnik, Alison and Griffiths, Thomas},
  booktitle={Proceedings of the Cognitive Science Society},
  volume={33},
  number={33},
  year={2011}
}

@inproceedings{hagmayer2008causal,
  title={Causal learning through repeated decision making},
  author={Hagmayer, York and Meder, Bj{\"o}rn},
  booktitle={Proceedings of the Cognitive Science Society},
  volume={30},
  number={30},
  year={2008}
}

@article{hagmayer2010spontaneous,
  title={Spontaneous causal learning while controlling a dynamic system},
  author={Hagmayer, York and Meder, Bj{\"o}rn and Osman, Magda and Mangold, Stefan and Lagnado, David},
  journal={The Open Psychology Journal},
  volume={3},
  pages={145--162},
  year={2010}
}

@article{hagmayer2013hierarchical,
  title={Hierarchical Bayesian models as formal models of causal reasoning},
  author={Hagmayer, York and Mayrhofer, Ralf},
  journal={Argument \& Computation},
  volume={4},
  number={1},
  pages={36--45},
  year={2013},
  publisher={IOS Press}
}

@article{waldmann2008causal,
  title={Causal learning in rats and humans: A minimal rational model},
  author={Waldmann, Michael R and Cheng, Patricia W and Hagmayer, York and Blaisdell, Aaron P},
  journal={The probabilistic mind. Prospects for Bayesian cognitive science},
  pages={453--484},
  year={2008}
}

@inproceedings{danks2003dynamical,
  title={Dynamical causal learning},
  author={Danks, David and Griffiths, Thomas L and Tenenbaum, Joshua B},
  booktitle={Advances in neural information processing systems},
  pages={83--90},
  year={2003}
}

@article{griffiths2005structure,
  title={Structure and strength in causal induction},
  author={Griffiths, Thomas L and Tenenbaum, Joshua B},
  journal={Cognitive psychology},
  volume={51},
  number={4},
  pages={334--384},
  year={2005},
  publisher={Elsevier}
}

@article{griffiths2009theory,
  title={Theory-based causal induction.},
  author={Griffiths, Thomas L and Tenenbaum, Joshua B},
  journal={Psychological review},
  volume={116},
  number={4},
  pages={661},
  year={2009},
  publisher={US: American Psychological Association}
}

@article{karagas1998design,
  title={Design of an epidemiologic study of drinking water arsenic exposure and skin and bladder cancer risk in a US population.},
  author={Karagas, Margaret R and Tosteson, Tor D and Blum, Joel and Morris, J Steven and Baron, John A and Klaue, Bjoern},
  journal={Environmental health perspectives},
  volume={106},
  number={Suppl 4},
  pages={1047},
  year={1998},
  publisher={National Institute of Environmental Health Science}
}

@article{karagas2004incidence,
  title={Incidence of transitional cell carcinoma of the bladder and arsenic exposure in New Hampshire},
  author={Karagas, Margaret R and Tosteson, Tor D and Morris, J Steven and Demidenko, Eugene and Mott, Leila A and Heaney, John and Schned, Alan},
  journal={Cancer Causes and Control},
  volume={15},
  number={5},
  pages={465--472},
  year={2004},
  publisher={Springer}
}

@book{danks2014unifying,
  title={Unifying the mind: Cognitive representations as graphical models},
  author={Danks, David},
  year={2014},
  publisher={Mit Press}
}

@book{pearl2014probabilistic,
  title={Probabilistic reasoning in intelligent systems: networks of plausible inference},
  author={Pearl, Judea},
  year={2014},
  publisher={Morgan Kaufmann}
}

@article{holland1986statistics,
  title={Statistics and Causal Inference},
  author={Holland, Paul W},
  journal={Journal of the American Statistical Association},
  volume={81},
  number={396},
  pages={945--960},
  year={1986},
  publisher={Taylor \& Francis Group}
}

@book{suppes1970probabilistic,
  title={A probabilistic theory of causality},
  author={Suppes, Patrick},
  year={1970},
  publisher={North-Holland Publishing Company Amsterdam}
}

@article{yerushalmy1959methodology,
  title={On the methodology of investigations of etiologic factors in chronic diseases},
  author={Yerushalmy, Jacob and Palmer, Carroll E},
  journal={Journal of chronic diseases},
  volume={10},
  number={1},
  pages={27--40},
  year={1959},
  publisher={Elsevier}
}

@inproceedings{hagmayer2008causal,
  title={Causal learning through repeated decision making},
  author={Hagmayer, York and Meder, Bj{\"o}rn},
  booktitle={Proceedings of the Cognitive Science Society},
  volume={30},
  number={30},
  year={2008}
}

@article{hagmayer2013repeated,
  title={Repeated causal decision making.},
  author={Hagmayer, York and Meder, Bj{\"o}rn},
  journal={Journal of Experimental Psychology: Learning, Memory, and Cognition},
  volume={39},
  number={1},
  pages={33},
  year={2013},
  publisher={American Psychological Association}
}

@article{sloman2006causal,
  title={The causal psycho-logic of choice},
  author={Sloman, Steven A and Hagmayer, York},
  journal={Trends in Cognitive Sciences},
  volume={10},
  number={9},
  pages={407--412},
  year={2006},
  publisher={Elsevier}
}

@article{meder2008inferring,
  title={Inferring interventional predictions from observational learning data},
  author={Meder, Bj{\"o}rn and Hagmayer, York and Waldmann, Michael R},
  journal={Psychonomic Bulletin \& Review},
  volume={15},
  number={1},
  pages={75--80},
  year={2008},
  publisher={Springer}
}

@article{hagmayer2009decision,
  title={Decision makers conceive of their choices as interventions.},
  author={Hagmayer, York and Sloman, Steven A},
  journal={Journal of Experimental Psychology: General},
  volume={138},
  number={1},
  pages={22},
  year={2009},
  publisher={American Psychological Association}
}

@article{goudet2017learning,
  title={Learning Functional Causal Models with Generative Neural Networks},
  author={Goudet, Olivier and Kalainathan, Diviyan and Caillou, Philippe and Lopez-Paz, David and Guyon, Isabelle and Sebag, Mich{\`e}le and Tritas, Aris and Tubaro, Paola},
  journal={arXiv preprint arXiv:1709.05321},
  year={2017}
}

@book{spirtes2000causation,
  title={Causation, prediction, and search},
  author={Spirtes, Peter and Glymour, Clark N and Scheines, Richard},
  year={2000},
  publisher={MIT press}
}

@article{spirtes1991algorithm,
  title={An algorithm for fast recovery of sparse causal graphs},
  author={Spirtes, Peter and Glymour, Clark},
  journal={Social science computer review},
  volume={9},
  number={1},
  pages={62--72},
  year={1991},
  publisher={Sage Publications Sage CA: Thousand Oaks, CA}
}

@article{spirtes1999algorithm,
  title={An algorithm for causal inference in the presence of latent variables and selection bias},
  author={Spirtes, Peter and Meek, Christopher and Richardson, Thomas and Meek, Chris},
  year={1999}
}

@article{colombo2012learning,
  title={Learning high-dimensional directed acyclic graphs with latent and selection variables},
  author={Colombo, Diego and Maathuis, Marloes H and Kalisch, Markus and Richardson, Thomas S},
  journal={The Annals of Statistics},
  pages={294--321},
  year={2012},
  publisher={JSTOR}
}

@article{chickering2002optimal,
  title={Optimal structure identification with greedy search},
  author={Chickering, David Maxwell},
  journal={Journal of machine learning research},
  volume={3},
  number={Nov},
  pages={507--554},
  year={2002}
}

@article{tsamardinos2006max,
  title={The max-min hill-climbing Bayesian network structure learning algorithm},
  author={Tsamardinos, Ioannis and Brown, Laura E and Aliferis, Constantin F},
  journal={Machine learning},
  volume={65},
  number={1},
  pages={31--78},
  year={2006},
  publisher={Springer}
}

@inproceedings{stegle2010probabilistic,
  title={Probabilistic latent variable models for distinguishing between cause and effect},
  author={Stegle, Oliver and Janzing, Dominik and Zhang, Kun and Mooij, Joris M and Sch{\"o}lkopf, Bernhard},
  booktitle={Advances in Neural Information Processing Systems},
  pages={1687--1695},
  year={2010}
}

@inproceedings{sgouritsa2015inference,
  title={Inference of cause and effect with unsupervised inverse regression},
  author={Sgouritsa, Eleni and Janzing, Dominik and Hennig, Philipp and Sch{\"o}lkopf, Bernhard},
  booktitle={Artificial Intelligence and Statistics},
  pages={847--855},
  year={2015}
}

@article{lagnado2007beyond,
  title={Beyond covariation},
  author={Lagnado, David A and Waldmann, Michael R and Hagmayer, York and Sloman, Steven A},
  journal={Causal learning: Psychology, philosophy, and computation},
  pages={154--172},
  year={2007}
}

@article{gopnik2004theory,
  title={A theory of causal learning in children: causal maps and Bayes nets.},
  author={Gopnik, Alison and Glymour, Clark and Sobel, David M and Schulz, Laura E and Kushnir, Tamar and Danks, David},
  journal={Psychological review},
  volume={111},
  number={1},
  pages={3},
  year={2004},
  publisher={American Psychological Association}
}

@inproceedings{culotta2006integrating,
  title={Integrating probabilistic extraction models and data mining to discover relations and patterns in text},
  author={Culotta, Aron and McCallum, Andrew and Betz, Jonathan},
  booktitle={Proceedings of the main conference on Human Language Technology Conference of the North American Chapter of the Association of Computational Linguistics},
  pages={296--303},
  year={2006},
  organization={Association for Computational Linguistics}
}

@inproceedings{quinn2011learning,
  title={Learning of causal relations},
  author={Quinn, J and Mooij, JM and Heskes, T and Biehl, M},
  booktitle={(ed.), ESANN 2011: Proceedings of the 19th European Symposium on Artificial Neural Networks},
  pages={287--296},
  year={2011},
  organization={[Sl: sn]}
}

@inproceedings{lopez2015towards,
  title={Towards a learning theory of cause-effect inference},
  author={Lopez-Paz, David and Muandet, Krikamol and Sch{\"o}lkopf, Bernhard and Tolstikhin, Iliya},
  booktitle={International Conference on Machine Learning},
  pages={1452--1461},
  year={2015}
}

@article{mooij2016distinguishing,
  title={Distinguishing cause from effect using observational data: methods and benchmarks},
  author={Mooij, Joris M and Peters, Jonas and Janzing, Dominik and Zscheischler, Jakob and Sch{\"o}lkopf, Bernhard},
  journal={The Journal of Machine Learning Research},
  volume={17},
  number={1},
  pages={1103--1204},
  year={2016},
  publisher={JMLR. org}
}

@TechReport{Guyon2013,
author = {Guyon, I},
title = {Chalearn cause effect pairs challenge},
institution = {•},
year = {2013},
url={https://www.kaggle.com/c/cause-effect-pairs/}
}

@article{peters2012identifiability,
  title={Identifiability of causal graphs using functional models},
  author={Peters, Jonas and Mooij, Joris and Janzing, Dominik and Sch{\"o}lkopf, Bernhard},
  journal={arXiv preprint arXiv:1202.3757},
  year={2012}
}

@article{dawid2002influence,
  title={Influence diagrams for causal modelling and inference},
  author={Dawid, A Philip},
  journal={International Statistical Review},
  volume={70},
  number={2},
  pages={161--189},
  year={2002},
  publisher={Wiley Online Library}
}

@book{ballard2015brain,
  title={Brain computation as hierarchical abstraction},
  author={Ballard, Dana H},
  year={2015},
  publisher={MIT Press}
}

@book{clark2015surfing,
  title={Surfing uncertainty: Prediction, action, and the embodied mind},
  author={Clark, Andy},
  year={2015},
  publisher={Oxford University Press}
}

@inproceedings{fox2008causal,
  title={A Causal Bayesian Network View of Reinforcement Learning.},
  author={Fox, Charles W and Girdhar, Neil and Gurney, Kevin N},
  booktitle={FLAIRS Conference},
  pages={109--110},
  year={2008}
}

@article{gershman2015discovering,
  title={Discovering latent causes in reinforcement learning},
  author={Gershman, Samuel J and Norman, Kenneth A and Niv, Yael},
  journal={Current Opinion in Behavioral Sciences},
  volume={5},
  pages={43--50},
  year={2015},
  publisher={Elsevier}
}

@book{joyce1999foundations,
  title={The Foundations of Causal Decision Theory},
  author={Joyce, James M},
  year={1999},
  publisher={Cambridge University Press}
}

@book{gilboa2009decision,
	title={Theory of Decision under Uncertainty},
	author={Gilboa, Itzhak},
	year={2009},
	publisher={Cambridge University Press}
}

@article{jensen1967introduction,
  title={An introduction to Bernoullian utility theory: I-II},
  author={Jensen, Niels Erik},
  journal={The Swedish journal of economics},
  volume={69},
  pages={163-183, 229-247},
  year={1967}
}