@article{su2013using,
  title={Using Bayesian networks to discover relations between genes, environment, and disease},
  author={Su, Chengwei and Andrew, Angeline and Karagas, Margaret R and Borsuk, Mark E},
  journal={BioData mining},
  volume={6},
  number={1},
  pages={6},
  year={2013},
  publisher={BioMed Central}
}

@article{rink2011automatic,
  title={Automatic extraction of relations between medical concepts in clinical texts},
  author={Rink, Bryan and Harabagiu, Sanda and Roberts, Kirk},
  journal={Journal of the American Medical Informatics Association},
  volume={18},
  number={5},
  pages={594--600},
  year={2011},
  publisher={BMJ Group BMA House, Tavistock Square, London, WC1H 9JR}
}

@article{maier2013sound,
  title={A sound and complete algorithm for learning causal models from relational data},
  author={Maier, Marc and Marazopoulou, Katerina and Arbour, David and Jensen, David},
  journal={arXiv preprint arXiv:1309.6843},
  year={2013}
}

@incollection{teh2011dirichlet,
  title={Dirichlet process},
  author={Teh, Yee Whye},
  booktitle={Encyclopedia of machine learning},
  pages={280--287},
  year={2011},
  publisher={Springer}
}

@inproceedings{rasmussen2000infinite,
  title={The infinite Gaussian mixture model},
  author={Rasmussen, Carl Edward},
  booktitle={Advances in neural information processing systems},
  pages={554--560},
  year={2000}
}

@inproceedings{yu2010jointly,
  title={Jointly identifying entities and extracting relations in encyclopedia text via a graphical model approach},
  author={Yu, Xiaofeng and Lam, Wai},
  booktitle={Proceedings of the 23rd International Conference on Computational Linguistics: Posters},
  pages={1399--1407},
  year={2010},
  organization={Association for Computational Linguistics}
}

@inproceedings{kemp2006learning,
  title={Learning systems of concepts with an infinite relational model},
  author={Kemp, Charles and Tenenbaum, Joshua B and Griffiths, Thomas L and Yamada, Takeshi and Ueda, Naonori},
  booktitle={AAAI},
  volume={3},
  pages={5},
  year={2006}
}

@article{xu2006learning,
  title={Learning infinite hidden relational models},
  author={Xu, Zhao and Tresp, Volker and Yu, Kai and Kriegel, Hans-Peter},
  journal={Uncertainity in Artificial Intelligence (UAI2006)},
  year={2006}
}

@inproceedings{xu2005dirichlet,
  title={Dirichlet enhanced relational learning},
  author={Xu, Zhao and Tresp, Volker and Yu, Kai and Yu, Shipeng and Kriegel, Hans-Peter},
  booktitle={Proceedings of the 22nd international conference on Machine learning},
  pages={1004--1011},
  year={2005},
  organization={ACM}
}

@inproceedings{pawar2016end,
  title={End-to-end relation extraction using markov logic networks},
  author={Pawar, Sachin and Bhattacharyya, Pushpak and Palshikar, Girish},
  booktitle={Proceedings of the 17th International Conference on Intelligent Text Processing and Computational Linguistics (CICLing 2016), LNCS},
  volume={9624},
  year={2016}
}

@inproceedings{satpal2011web,
  title={Web information extraction using markov logic networks},
  author={Satpal, Sandeepkumar and Bhadra, Sahely and Sellamanickam, Sundararajan and Rastogi, Rajeev and Sen, Prithviraj},
  booktitle={Proceedings of the 17th ACM SIGKDD international conference on Knowledge discovery and data mining},
  pages={1406--1414},
  year={2011},
  organization={ACM}
}

@techreport{heckerman2004probabilistic,
  title={Probabilistic models for relational data},
  author={Heckerman, David and Meek, Christopher and Koller, Daphne},
  year={2004},
  institution={Technical Report MSR-TR-2004-30, Microsoft Research}
}

@article{bunescu2007statistical,
  title={Statistical relational learning for natural language information extraction},
  author={Bunescu, Razvan and Mooney, Raymond J},
  journal={Introduction to Statistical relational learning},
  pages={535--552},
  year={2007},
  publisher={MIT}
}

@article{Yu:2004:NHB:1008992.1009053,
 author = {Yu, Kai and Tresp, Volker and Yu, Shipeng},
 title = {A Nonparametric Hierarchical Bayesian Framework for Information Filtering},
 booktitle = {Proceedings of the 27th Annual International ACM SIGIR Conference on Research and Development in Information Retrieval},
 series = {SIGIR '04},
 year = {2004},
 isbn = {1-58113-881-4},
 location = {Sheffield, United Kingdom},
 pages = {353--360},
 numpages = {8},
 url = {http://doi.acm.org/10.1145/1008992.1009053},
 doi = {10.1145/1008992.1009053},
 acmid = {1009053},
 publisher = {ACM},
 address = {New York, NY, USA},
 keywords = {collaborative filtering, content-based filtering, dirichlet process, nonparametric bayesian modelling}
} 

@article{lucas2010learning,
  title={Learning the form of causal relationships using hierarchical Bayesian models},
  author={Lucas, Christopher G and Griffiths, Thomas L},
  journal={Cognitive Science},
  volume={34},
  number={1},
  pages={113--147},
  year={2010},
  publisher={Wiley Online Library}
}

@article{garnelo2016towards,
  title={Towards deep symbolic reinforcement learning},
  author={Garnelo, Marta and Arulkumaran, Kai and Shanahan, Murray},
  journal={arXiv preprint arXiv:1609.05518},
  year={2016}
}

@article{mnih2015human,
  title={Human-level control through deep reinforcement learning},
  author={Mnih, Volodymyr and Kavukcuoglu, Koray and Silver, David and Rusu, Andrei A and Veness, Joel and Bellemare, Marc G and Graves, Alex and Riedmiller, Martin and Fidjeland, Andreas K and Ostrovski, Georg and others},
  journal={Nature},
  volume={518},
  number={7540},
  pages={529--533},
  year={2015},
  publisher={Nature Publishing Group}
}

@article{mnih2013playing,
  title={Playing Atari with Deep Reinforcement Learning},
  author={Mnih, Volodymyr and Kavukcuoglu, Koray and Silver, David and Graves, Alex and Antonoglou, Ioannis and Wierstra, Daan and Riedmiller, Martin},
  journal={arXiv preprint arXiv:1312.5602},
  year={2013}
}

@book{clark2015surfing,
  title={Surfing uncertainty: Prediction, action, and the embodied mind},
  author={Clark, Andy},
  year={2015},
  publisher={Oxford University Press}
}

@article{clark2013whatever,
  title={Whatever next? Predictive brains, situated agents, and the future of cognitive science},
  author={Clark, Andy},
  journal={Behavioral and Brain Sciences},
  volume={36},
  number={03},
  pages={181--204},
  year={2013},
  publisher={Cambridge Univ Press}
}

@article{clark2013many,
  title={The many faces of precision (Replies to commentaries on “Whatever next? Neural prediction, situated agents, and the future of cognitive science”)},
  author={Clark, Andy},
  journal={Frontiers in psychology},
  volume={4},
  pages={270},
  year={2013},
  publisher={Frontiers}
}

@article{clark2014perceiving,
  title={Perceiving as predicting},
  author={Clark, Andy},
  journal={Perception and its modalities},
  year={2014}
}

@article{clark2013expecting,
  title={Expecting the world: perception, prediction, and the origins of human knowledge},
  author={Clark, Andy},
  journal={The Journal of Philosophy},
  volume={110},
  number={9},
  pages={469--496},
  year={2013}
}

@incollection{clark2015embodied,
  title={Embodied prediction},
  author={Clark, Andy},
  booktitle={Open MIND},
  year={2015},
  publisher={Open MIND. Frankfurt am Main: MIND Group}
}

@book{sutton1998reinforcement,
  title={Reinforcement learning: An introduction},
  author={Sutton, Richard S and Barto, Andrew G},
  year={1998},
  publisher={MIT Press}
}

@book{bermudez2014cognitive,
  title={Cognitive science: An introduction to the science of the mind},
  author={Berm{\'u}dez, Jos{\'e} Luis},
  year={2014},
  publisher={Cambridge University Press}
}

@book{dayan2001theoretical,
  title={Theoretical neuroscience},
  author={Dayan, Peter and Abbott, Laurence F},
  volume={10},
  year={2001},
  publisher={Cambridge, MA: MIT Press}
}

@article{helmholtz18601962,
  title={1962},
  author={Helmholtz, H von},
  journal={Handbuch der physiologischen optik},
  volume={3},
  year={1860}
}

@article{dayan1995helmholtz,
  title={The helmholtz machine},
  author={Dayan, Peter and Hinton, Geoffrey E and Neal, Radford M and Zemel, Richard S},
  journal={Neural computation},
  volume={7},
  number={5},
  pages={889--904},
  year={1995},
  publisher={MIT Press}
}

@article{dayan1996varieties,
  title={Varieties of Helmholtz machine},
  author={Dayan, Peter and Hinton, Geoffrey E},
  journal={Neural Networks},
  volume={9},
  number={8},
  pages={1385--1403},
  year={1996},
  publisher={Elsevier}
}

@article{hinton1994autoencoders,
  title={Autoencoders, minimum description length, and Helmholtz free energy},
  author={Hinton, Geoffrey E and Zemel, Richard S},
  journal={Advances in neural information processing systems},
  pages={3--3},
  year={1994},
  publisher={Citeseer}
}

@article{hinton1995wake,
  title={The  “wake-sleep” algorithm for unsupervised neural networks},
  author={Hinton, Geoffrey E and Dayan, Peter and Frey, Brendan J and Neal, Radford M},
  journal={Science},
  volume={268},
  number={5214},
  pages={1158},
  year={1995},
  publisher={The American Association for the Advancement of Science}
}

@article{friston2005theory,
  title={A theory of cortical responses},
  author={Friston, Karl},
  journal={Philosophical transactions of the Royal Society B: Biological sciences},
  volume={360},
  number={1456},
  pages={815--836},
  year={2005},
  publisher={The Royal Society}
}

@article{lee2003hierarchical,
  title={Hierarchical Bayesian inference in the visual cortex},
  author={Lee, Tai Sing and Mumford, David},
  journal={JOSA A},
  volume={20},
  number={7},
  pages={1434--1448},
  year={2003},
  publisher={Optical Society of America}
}

@article{brown2011active,
  title={Active inference, attention, and motor preparation},
  author={Brown, Harriet and Friston, Karl J and Bestmann, Sven},
  journal={Frontiers in psychology},
  volume={2},
  pages={218},
  year={2011},
  publisher={Frontiers}
}

@article{friston2010free,
  title={The free-energy principle: a unified brain theory?},
  author={Friston, Karl},
  journal={Nature Reviews Neuroscience},
  volume={11},
  number={2},
  pages={127--138},
  year={2010},
  publisher={Nature Publishing Group}
}

@book{hohwy2013predictive,
  title={The predictive mind},
  author={Hohwy, Jakob},
  year={2013},
  publisher={Oxford University Press}
}

@article{marr1982vision,
  title={Vision: A computational investigation into the human representation and processing of visual information},
  author={Marr, David},
  year={1982}
}

@article{Lin1992,
author="Lin, Long-Ji",
title="Self-improving reactive agents based on reinforcement learning, planning and teaching",
journal="Machine Learning",
year="1992",
volume="8",
number="3",
pages="293--321",
abstract="To date, reinforcement learning has mostly been studied solving simple learning tasks. Reinforcement learning methods that have been studied so far typically converge slowly. The purpose of this work is thus two-fold: 1) to investigate the utility of reinforcement learning in solving much more complicated learning tasks than previously studied, and 2) to investigate methods that will speed up reinforcement learning.",
issn="1573-0565",
doi="10.1007/BF00992699",
url="http://dx.doi.org/10.1007/BF00992699"
}

@article{DBLP:journals/corr/MnihBMGLHSK16,
author={Mnih, Volodymyr and Badia, Adria Puigdomenech and Mirza, Mehdi and Graves, Alex and Lillicrap, Timothy P and Harley, Tim and Silver, David and Kavukcuoglu, Koray},
title= {Asynchronous Methods for Deep Reinforcement Learning},
journal= {CoRR},
volume= {abs/1602.01783},
year= {2016},
url= {http://arxiv.org/abs/1602.01783},
biburl= {http://dblp.uni-trier.de/rec/bib/journals/corr/MnihBMGLHSK16},
bibsource = {dblp computer science bibliography, http://dblp.org}
}

@book{bertsekas1995dynamic,
  title={Dynamic programming and optimal control},
  author={Bertsekas, Dimitri P and Bertsekas, Dimitri P and Bertsekas, Dimitri P and Bertsekas, Dimitri P},
  volume={1},
  number={2},
  year={1995},
  publisher={Athena Scientific Belmont, MA}
}

@book{busoniu2010reinforcement,
  title={Reinforcement learning and dynamic programming using function approximators},
  author={Busoniu, Lucian and Babuska, Robert and De Schutter, Bart and Ernst, Damien},
  volume={39},
  year={2010},
  publisher={CRC press}
}

@book{Goodfellow-et-al-2016,
    title={Deep Learning},
    author={Ian Goodfellow and Yoshua Bengio and Aaron Courville},
    publisher={MIT Press},
    note={\url{http://www.deeplearningbook.org}},
    year={2016}
}

@article{DBLP:journals/corr/SchulmanLMJA15,
  author    = {John Schulman and
               Sergey Levine and
               Philipp Moritz and
               Michael I. Jordan and
               Pieter Abbeel},
  title     = {Trust Region Policy Optimization},
  journal   = {CoRR},
  volume    = {abs/1502.05477},
  year      = {2015},
  url       = {http://arxiv.org/abs/1502.05477},
  timestamp = {Mon, 02 Mar 2015 14:17:34 +0100},
  biburl    = {http://dblp.uni-trier.de/rec/bib/journals/corr/SchulmanLMJA15},
  bibsource = {dblp computer science bibliography, http://dblp.org}
}

@article{DBLP:journals/corr/SchulmanMLJA15,
  author    = {John Schulman and
               Philipp Moritz and
               Sergey Levine and
               Michael I. Jordan and
               Pieter Abbeel},
  title     = {High-Dimensional Continuous Control Using Generalized Advantage Estimation},
  journal   = {CoRR},
  volume    = {abs/1506.02438},
  year      = {2015},
  url       = {http://arxiv.org/abs/1506.02438},
  timestamp = {Wed, 01 Jul 2015 15:10:24 +0200},
  biburl    = {http://dblp.uni-trier.de/rec/bib/journals/corr/SchulmanMLJA15},
  bibsource = {dblp computer science bibliography, http://dblp.org}
}

@article{grondman2012survey,
  title={A survey of actor-critic reinforcement learning: Standard and natural policy gradients},
  author={Grondman, Ivo and Busoniu, Lucian and Lopes, Gabriel AD and Babuska, Robert},
  journal={IEEE Transactions on Systems, Man, and Cybernetics, Part C (Applications and Reviews)},
  volume={42},
  number={6},
  pages={1291--1307},
  year={2012},
  publisher={IEEE}
}

@article{konda2003onactor,
  title={Onactor-critic algorithms},
  author={Konda, Vijay R and Tsitsiklis, John N},
  journal={SIAM journal on Control and Optimization},
  volume={42},
  number={4},
  pages={1143--1166},
  year={2003},
  publisher={SIAM}
}

@article{richter2007natural,
  title={Natural actor-critic for road traffic optimisation},
  author={Richter, Silvia and Aberdeen, Douglas and Yu, Jin and others},
  journal={Advances in neural information processing systems},
  volume={19},
  pages={1169},
  year={2007},
  publisher={MIT; 1998}
}

@article{boyan2002technical,
  title={Technical update: Least-squares temporal difference learning},
  author={Boyan, Justin A},
  journal={Machine Learning},
  volume={49},
  number={2-3},
  pages={233--246},
  year={2002},
  publisher={Springer}
}

@article{baxter2001infinite,
  title={Infinite-horizon policy-gradient estimation},
  author={Baxter, Jonathan and Bartlett, Peter L.},
  journal={Journal of Artificial Intelligence Research},
  volume={15},
  pages={319--350},
  year={2001}
}

@article{berenji2003convergent,
  title={A convergent actor-critic-based FRL algorithm with application to power management of wireless transmitters},
  author={Berenji, Hamid R and Vengerov, David},
  journal={IEEE Transactions on Fuzzy Systems},
  volume={11},
  number={4},
  pages={478--485},
  year={2003},
  publisher={IEEE}
}

@article{sutton1988learning,
  title={Learning to predict by the methods of temporal differences},
  author={Sutton, Richard S},
  journal={Machine learning},
  volume={3},
  number={1},
  pages={9--44},
  year={1988},
  publisher={Springer}
}

@book{Puterman:1994:MDP:528623,
 author = {Puterman, Martin L.},
 title = {Markov Decision Processes: Discrete Stochastic Dynamic Programming},
 year = {1994},
 isbn = {0471619779},
 edition = {1st},
 publisher = {John Wiley \& Sons, Inc.},
 address = {New York, NY, USA}
} 

@inproceedings{girju2003automatic,
  title={Automatic detection of causal relations for question answering},
  author={Girju, Roxana},
  booktitle={Proceedings of the ACL 2003 workshop on Multilingual summarization and question answering-Volume 12},
  pages={76--83},
  year={2003},
  organization={Association for Computational Linguistics}
}

@inproceedings{girju2002text,
  title={Text mining for causal relations.},
  author={Girju, Roxana and Moldovan, Dan I and others},
  booktitle={FLAIRS Conference},
  pages={360--364},
  year={2002}
}

@inproceedings{khoo2000extracting,
  title={Extracting causal knowledge from a medical database using graphical patterns},
  author={Khoo, Christopher SG and Chan, Syin and Niu, Yun},
  booktitle={Proceedings of the 38th Annual Meeting on Association for Computational Linguistics},
  pages={336--343},
  year={2000},
  organization={Association for Computational Linguistics}
}

@inproceedings{sanchez2004acquiring,
  title={Acquiring Bayesian Networks from Text.},
  author={Sanchez-Graillet, Olivia and Poesio, Massimo},
  booktitle={LREC},
  year={2004}
}

@inproceedings{perrin2008global,
  title={Global dynamics network construction from the web},
  author={Perrin, Thomas and Kawai, Hideki and Kunieda, Kasuo and Yamada, Keiji},
  booktitle={Information-Explosion and Next Generation Search, 2008. INGS'08. International Workshop on},
  pages={69--76},
  year={2008},
  organization={IEEE}
}

@inproceedings{saito2007extraction,
  title={Extraction of Statistical Terms and Co-occurrence Networks from Newspapers.},
  author={Saito, Haruka and Kawai, Hideki and Tsuchida, Masaaki and Mizuguchi, Hironori and Kusui, Dai},
  booktitle={NTCIR},
  year={2007}
}

@article{sakai2008cause,
  title={Cause information extraction from financial articles concerning business performance},
  author={Sakai, Hiroyuki and Masuyama, Shigeru},
  journal={IEICE TRANSACTIONS on Information and Systems},
  volume={91},
  number={4},
  pages={959--968},
  year={2008},
  publisher={The Institute of Electronics, Information and Communication Engineers}
}

@article{maier2013reasoning,
  title={Reasoning about independence in probabilistic models of relational data},
  author={Maier, Marc and Marazopoulou, Katerina and Jensen, David},
  journal={arXiv preprint arXiv:1302.4381},
  year={2013}
}

@article{maier2013sound,
  title={A sound and complete algorithm for learning causal models from relational data},
  author={Maier, Marc and Marazopoulou, Katerina and Arbour, David and Jensen, David},
  journal={arXiv preprint arXiv:1309.6843},
  year={2013}
}

@inproceedings{lee2016learning,
  title={On Learning Causal Models from Relational Data.},
  author={Lee, Sanghack and Honavar, Vasant},
  booktitle={AAAI},
  pages={3263--3270},
  year={2016}
}

@inproceedings{singh1994learning,
  title={Learning Without State-Estimation in Partially Observable Markovian Decision Processes.},
  author={Singh, Satinder P and Jaakkola, Tommi S and Jordan, Michael I and others},
  booktitle={ICML},
  pages={284--292},
  year={1994}
}

@inproceedings{jaakkola1995reinforcement,
  title={Reinforcement learning algorithm for partially observable Markov decision problems},
  author={Jaakkola, Tommi and Singh, Satinder P and Jordan, Michael I},
  booktitle={Advances in neural information processing systems},
  pages={345--352},
  year={1995}
}

@incollection{gershman2015reinforcement,
  title={Reinforcement learning and causal models},
  author={Gershman, Samuel J},
  booktitle={The Oxford Handbook of Causal Reasoning},
  year={2015}
}

@inproceedings{cassandra1994acting,
  title={Acting optimally in partially observable stochastic domains},
  author={Cassandra, Anthony R and Kaelbling, Leslie Pack and Littman, Michael L},
  booktitle={AAAI},
  volume={94},
  pages={1023--1028},
  year={1994}
}

@article{courville2006bayesian,
  title={Bayesian theories of conditioning in a changing world},
  author={Courville, Aaron C and Daw, Nathaniel D and Touretzky, David S},
  journal={Trends in cognitive sciences},
  volume={10},
  number={7},
  pages={294--300},
  year={2006},
  publisher={Elsevier}
}

@article{gershman2010learning,
  title={Learning latent structure: carving nature at its joints},
  author={Gershman, Samuel J and Niv, Yael},
  journal={Current opinion in neurobiology},
  volume={20},
  number={2},
  pages={251--256},
  year={2010},
  publisher={Elsevier}
}

@article{gershman2012exploring,
  title={Exploring a latent cause theory of classical conditioning},
  author={Gershman, Samuel J and Niv, Yael},
  journal={Learning \& behavior},
  volume={40},
  number={3},
  pages={255--268},
  year={2012},
  publisher={Springer}
}

@article{ramani2005consolidating,
  title={Consolidating the set of known human protein-protein interactions in preparation for large-scale mapping of the human interactome},
  author={Ramani, Arun K and Bunescu, Razvan C and Mooney, Raymond J and Marcotte, Edward M},
  journal={Genome Biology},
  volume={6},
  number={5},
  pages={R40},
  year={2005},
  publisher={BioMed Central}
}

@book{koller2009probabilistic,
  title={Probabilistic graphical models: principles and techniques},
  author={Koller, Daphne and Friedman, Nir},
  year={2009},
  publisher={MIT press}
}

@book{pearl2009causality,
  title={Causality},
  author={Pearl, Judea},
  year={2009},
  publisher={Cambridge university press}
}

@inproceedings{lee2015lifted,
  title={Lifted representation of relational causal models revisited: Implications for reasoning and structure learning},
  author={Lee, Sanghack and Honavar, Vasant},
  booktitle={Proceedings of the UAI 2015 Conference on Advances in Causal Inference-Volume 1504},
  pages={56--65},
  year={2015},
  organization={CEUR-WS. org}
}

@article{bojduj2009extraction,
  title={Extraction of causal-association networks from unstructured text data},
  author={Bojduj, Brett N},
  journal={Master's Theses and Project Reports},
  pages={138},
  year={2009}
}

@inproceedings{wellen2012learning,
  title={Learning Causal Structure through Local Prediction-error Learning},
  author={Wellen, Sarah and Danks, David},
  booktitle={Proceedings of the Annual Meeting of the Cognitive Science Society},
  volume={34},
  number={34},
  year={2012}
}

@inproceedings{kummerfeld2013tracking,
  title={Tracking time-varying graphical structure},
  author={Kummerfeld, Erich and Danks, David},
  booktitle={Advances in neural information processing systems},
  pages={1205--1213},
  year={2013}
}

@inproceedings{bonawitz2011simple,
  title={A simple sequential algorithm for approximating Bayesian inference},
  author={Bonawitz, Elizabeth and Denison, Stephanie and Chen, Annie and Gopnik, Alison and Griffiths, Thomas},
  booktitle={Proceedings of the Cognitive Science Society},
  volume={33},
  number={33},
  year={2011}
}

@inproceedings{hagmayer2008causal,
  title={Causal learning through repeated decision making},
  author={Hagmayer, York and Meder, Bj{\"o}rn},
  booktitle={Proceedings of the Cognitive Science Society},
  volume={30},
  number={30},
  year={2008}
}

@article{hagmayer2010spontaneous,
  title={Spontaneous causal learning while controlling a dynamic system},
  author={Hagmayer, York and Meder, Bj{\"o}rn and Osman, Magda and Mangold, Stefan and Lagnado, David},
  journal={The Open Psychology Journal},
  volume={3},
  pages={145--162},
  year={2010}
}

@article{hagmayer2013hierarchical,
  title={Hierarchical Bayesian models as formal models of causal reasoning},
  author={Hagmayer, York and Mayrhofer, Ralf},
  journal={Argument \& Computation},
  volume={4},
  number={1},
  pages={36--45},
  year={2013},
  publisher={IOS Press}
}

@inproceedings{danks2003dynamical,
  title={Dynamical causal learning},
  author={Danks, D., Griffiths, T. L. and Tenenbaum, J. B.},
  booktitle={Advances in neural information processing systems},
  pages={83--90},
  year={2003}
}

@article{griffiths2005structure,
  title={Structure and strength in causal induction},
  author={Griffiths, T.L., Tenenbaum, J.B.},
  journal={Cognitive psychology},
  volume={51},
  number={4},
  pages={334--384},
  year={2005},
  publisher={Elsevier}
}

@article{griffiths2009theory,
  title={Theory-based causal induction.},
  author={Griffiths, T.L., Tenenbaum, J. B.},
  journal={Psychological review},
  volume={116},
  number={4},
  pages={661},
  year={2009},
  publisher={US: American Psychological Association}
}

@article{karagas1998design,
  title={Design of an epidemiologic study of drinking water arsenic exposure and skin and bladder cancer risk in a US population.},
  author={Karagas, Margaret R and Tosteson, Tor D and Blum, Joel and Morris, J Steven and Baron, John A and Klaue, Bjoern},
  journal={Environmental health perspectives},
  volume={106},
  number={Suppl 4},
  pages={1047},
  year={1998},
  publisher={National Institute of Environmental Health Science}
}

@article{karagas2004incidence,
  title={Incidence of transitional cell carcinoma of the bladder and arsenic exposure in New Hampshire},
  author={Karagas, Margaret R., and Tosteson, Tor D and Morris, J Steven and Demidenko, Eugene and Mott, Leila A and Heaney, John and Schned, Alan},
  journal={Cancer Causes and Control},
  volume={15},
  number={5},
  pages={465--472},
  year={2004},
  publisher={Springer}
}

@article{danks2013functions,
  title={Functions and cognitive bases for the concept of actual causation},
  author={Danks, David},
  journal={Erkenntnis},
  volume={78},
  number={1},
  pages={111--128},
  year={2013},
  publisher={Springer}
}

@book{danks2014unifying,
  title={Unifying the mind: Cognitive representations as graphical models},
  author={Danks, D.},
  year={2014},
  publisher={MIT Press}
}



@book{pearl1988probabilistic,
  title={Probabilistic reasoning in intelligent systems: networks of plausible inference},
  author={Pearl, Judea},
  year={1988},
  publisher={Morgan Kaufmann}
}

@article{holland1986statistics,
  title={Statistics and Causal Inference},
  author={Holland, Paul W},
  journal={Journal of the American Statistical Association},
  volume={81},
  number={396},
  pages={945--960},
  year={1986},
  publisher={Taylor \& Francis Group}
}

@book{suppes1970probabilistic,
  title={A probabilistic theory of causality},
  author={Suppes, Patrick},
  year={1970},
  publisher={North-Holland Publishing Company Amsterdam}
}

@article{yerushalmy1959methodology,
  title={On the methodology of investigations of etiologic factors in chronic diseases},
  author={Yerushalmy, Jacob and Palmer, Carroll E},
  journal={Journal of chronic diseases},
  volume={10},
  number={1},
  pages={27--40},
  year={1959},
  publisher={Elsevier}
}

@inproceedings{hagmayer2008causal,
  title={Causal learning through repeated decision making},
  author={Hagmayer, York and Meder, Bj{\"o}rn},
  booktitle={Proceedings of the Cognitive Science Society},
  volume={30},
  number={30},
  year={2008}
}

@article{hagmayer2013repeated,
  title={Repeated causal decision making.},
  author={Hagmayer, York and Meder, Bj{\"o}rn},
  journal={Journal of Experimental Psychology: Learning, Memory, and Cognition},
  volume={39},
  number={1},
  pages={33},
  year={2013},
  publisher={American Psychological Association}
}

@article{sloman2006causal,
  title={The causal psycho-logic of choice},
  author={Sloman, Steven A and Hagmayer, York},
  journal={Trends in Cognitive Sciences},
  volume={10},
  number={9},
  pages={407--412},
  year={2006},
  publisher={Elsevier}
}

@article{meder2008inferring,
  title={Inferring interventional predictions from observational learning data},
  author={Meder, Bj{\"o}rn and Hagmayer, York and Waldmann, Michael R},
  journal={Psychonomic Bulletin \& Review},
  volume={15},
  number={1},
  pages={75--80},
  year={2008},
  publisher={Springer}
}

@article{hagmayer2009decision,
  title={Decision makers conceive of their choices as interventions.},
  author={Hagmayer, York and Sloman, Steven A},
  journal={Journal of Experimental Psychology: General},
  volume={138},
  number={1},
  pages={22},
  year={2009},
  publisher={American Psychological Association}
}

@article{goudet2017learning,
  title={Learning Functional Causal Models with Generative Neural Networks},
  author={Goudet, Olivier and Kalainathan, Diviyan and Caillou, Philippe and Lopez-Paz, David and Guyon, Isabelle and Sebag, Mich{\`e}le and Tritas, Aris and Tubaro, Paola},
  journal={arXiv preprint arXiv:1709.05321},
  year={2017}
}

@book{spirtes2000causation,
  title={Causation, prediction, and search},
  author={Spirtes, Peter and Glymour, Clark N and Scheines, Richard},
  year={2000},
  publisher={MIT press}
}

@article{spirtes1991algorithm,
  title={An algorithm for fast recovery of sparse causal graphs},
  author={Spirtes, Peter and Glymour, Clark},
  journal={Social science computer review},
  volume={9},
  number={1},
  pages={62--72},
  year={1991},
  publisher={Sage Publications Sage CA: Thousand Oaks, CA}
}

@article{spirtes1999algorithm,
  title={An algorithm for causal inference in the presence of latent variables and selection bias},
  author={Spirtes, Peter and Meek, Christopher and Richardson, Thomas and Meek, Chris},
  year={1999}
}

@article{colombo2012learning,
  title={Learning high-dimensional directed acyclic graphs with latent and selection variables},
  author={Colombo, Diego and Maathuis, Marloes H and Kalisch, Markus and Richardson, Thomas S},
  journal={The Annals of Statistics},
  pages={294--321},
  year={2012},
  publisher={JSTOR}
}

@article{chickering2002optimal,
  title={Optimal structure identification with greedy search},
  author={Chickering, David Maxwell},
  journal={Journal of machine learning research},
  volume={3},
  number={Nov},
  pages={507--554},
  year={2002}
}

@article{tsamardinos2006max,
  title={The max-min hill-climbing Bayesian network structure learning algorithm},
  author={Tsamardinos, Ioannis and Brown, Laura E and Aliferis, Constantin F},
  journal={Machine learning},
  volume={65},
  number={1},
  pages={31--78},
  year={2006},
  publisher={Springer}
}

@inproceedings{stegle2010probabilistic,
  title={Probabilistic latent variable models for distinguishing between cause and effect},
  author={Stegle, Oliver and Janzing, Dominik and Zhang, Kun and Mooij, Joris M and Sch{\"o}lkopf, Bernhard},
  booktitle={Advances in Neural Information Processing Systems},
  pages={1687--1695},
  year={2010}
}

@inproceedings{sgouritsa2015inference,
  title={Inference of cause and effect with unsupervised inverse regression},
  author={Sgouritsa, Eleni and Janzing, Dominik and Hennig, Philipp and Sch{\"o}lkopf, Bernhard},
  booktitle={Artificial Intelligence and Statistics},
  pages={847--855},
  year={2015}
}

@article{lagnado2007beyond,
  title={Beyond covariation},
  author={Lagnado, David A and Waldmann, Michael R and Hagmayer, York and Sloman, Steven A},
  journal={Causal learning: Psychology, philosophy, and computation},
  pages={154--172},
  year={2007}
}

@article{gopnik2004theory,
  title={A theory of causal learning in children: causal maps and Bayes nets.},
  author={Gopnik, Alison and Glymour, Clark and Sobel, David M and Schulz, Laura E and Kushnir, Tamar and Danks, David},
  journal={Psychological review},
  volume={111},
  number={1},
  pages={3},
  year={2004},
  publisher={American Psychological Association}
}

@inproceedings{culotta2006integrating,
  title={Integrating probabilistic extraction models and data mining to discover relations and patterns in text},
  author={Culotta, Aron and McCallum, Andrew and Betz, Jonathan},
  booktitle={Proceedings of the main conference on Human Language Technology Conference of the North American Chapter of the Association of Computational Linguistics},
  pages={296--303},
  year={2006},
  organization={Association for Computational Linguistics}
}

@inproceedings{quinn2011learning,
  title={Learning of causal relations},
  author={Quinn, J and Mooij, JM and Heskes, T and Biehl, M},
  booktitle={(ed.), ESANN 2011: Proceedings of the 19th European Symposium on Artificial Neural Networks},
  pages={287--296},
  year={2011},
  organization={[Sl: sn]}
}

@inproceedings{lopez2015towards,
  title={Towards a learning theory of cause-effect inference},
  author={Lopez-Paz, David and Muandet, Krikamol and Sch{\"o}lkopf, Bernhard and Tolstikhin, Iliya},
  booktitle={International Conference on Machine Learning},
  pages={1452--1461},
  year={2015}
}

@article{mooij2016distinguishing,
  title={Distinguishing cause from effect using observational data: methods and benchmarks},
  author={Mooij, Joris M and Peters, Jonas and Janzing, Dominik and Zscheischler, Jakob and Sch{\"o}lkopf, Bernhard},
  journal={The Journal of Machine Learning Research},
  volume={17},
  number={1},
  pages={1103--1204},
  year={2016},
  publisher={JMLR. org}
}

@TechReport{Guyon2013,
author = {Guyon, I},
title = {Chalearn cause effect pairs challenge},
year = {2013},
url={https://www.kaggle.com/c/cause-effect-pairs/}
}

@article{peters2012identifiability,
  title={Identifiability of causal graphs using functional models},
  author={Peters, Jonas and Mooij, Joris and Janzing, Dominik and Sch{\"o}lkopf, Bernhard},
  journal={arXiv preprint arXiv:1202.3757},
  year={2012}
}

@article{dawid2002influence,
  title={Influence diagrams for causal modelling and inference},
  author={Dawid, A Philip},
  journal={International Statistical Review},
  volume={70},
  number={2},
  pages={161--189},
  year={2002},
  publisher={Wiley Online Library}
}

@book{ballard2015brain,
  title={Brain computation as hierarchical abstraction},
  author={Ballard, Dana H},
  year={2015},
  publisher={MIT Press}
}

@book{clark2015surfing,
  title={Surfing uncertainty: Prediction, action, and the embodied mind},
  author={Clark, Andy},
  year={2015},
  publisher={Oxford University Press}
}

@inproceedings{fox2008causal,
  title={A Causal Bayesian Network View of Reinforcement Learning.},
  author={Fox, Charles W and Girdhar, Neil and Gurney, Kevin N},
  booktitle={FLAIRS Conference},
  pages={109--110},
  year={2008}
}

@article{gershman2015discovering,
  title={Discovering latent causes in reinforcement learning},
  author={Gershman, Samuel J and Norman, Kenneth A and Niv, Yael},
  journal={Current Opinion in Behavioral Sciences},
  volume={5},
  pages={43--50},
  year={2015},
  publisher={Elsevier}
}

@book{joyce1999foundations,
  title={The Foundations of Causal Decision Theory},
  author={Joyce, James M},
  year={1999},
  publisher={Cambridge University Press}
}

@book{gilboa2009decision,
	title={Theory of Decision under Uncertainty},
	author={Gilboa, Itzhak},
	year={2009},
	publisher={Cambridge University Press}
}

@article{jensen1967introduction,
  title={An introduction to Bernoullian utility theory: I-II},
  author={Jensen, Niels Erik},
  journal={The Swedish journal of economics},
  volume={69},
  pages={163-183, 229-247},
  year={1967}
}

@article{firoiu2017beating,
  title={Beating the World's Best at Super Smash Bros. with Deep Reinforcement Learning},
  author={Firoiu, Vlad and Whitney, William F and Tenenbaum, Joshua B},
  journal={arXiv preprint arXiv:1702.06230},
  year={2017}
}

@inproceedings{leibo2017multi,
  title={Multi-agent reinforcement learning in sequential social dilemmas},
  author={Leibo, Joel Z and Zambaldi, Vinicius and Lanctot, Marc and Marecki, Janusz and Graepel, Thore},
  booktitle={Proceedings of the 16th Conference on Autonomous Agents and MultiAgent Systems},
  pages={464--473},
  year={2017},
  organization={International Foundation for Autonomous Agents and Multiagent Systems}
}

@article{amarjyoti2017deep,
  title={Deep reinforcement learning for robotic manipulation-the state of the art},
  author={Amarjyoti, Smruti},
  journal={arXiv preprint arXiv:1701.08878},
  year={2017}
}

@article{meder2009role,
  title={The role of learning data in causal reasoning about observations and interventions},
  author={Meder, Bj{\"o}rn and Hagmayer, York and Waldmann, Michael R},
  journal={Memory \& cognition},
  volume={37},
  number={3},
  pages={249--264},
  year={2009},
  publisher={Springer}
}

@article{meder2010observing,
  title={Observing and intervening: Rational and heuristic models of causal decision making},
  author={Meder, Bj{\"o}rn and Gerstenberg, Tobias and Hagmayer, York and Waldmann, Michael R},
  journal={The Open Psychology Journal},
  volume={3},
  pages={119--135},
  year={2010}
}

@incollection{nguyen2017,
title = {Policy Gradient With Value Function Approximation For Collective Multiagent Planning},
author = {Nguyen, Duc Thien and Kumar, Akshat and Lau, Hoong Chuin},
booktitle = {Advances in Neural Information Processing Systems 30},
editor = {I. Guyon and U. V. Luxburg and S. Bengio and H. Wallach and R. Fergus and S. Vishwanathan and R. Garnett},
pages = {4322--4332},
year = {2017},
publisher = {Curran Associates, Inc.},
url = {http://papers.nips.cc/paper/7019-policy-gradient-with-value-function-approximation-for-collective-multiagent-planning.pdf}
}

@incollection{wei2017,
title = {Online Reinforcement Learning in Stochastic Games},
author = {Wei, Chen-Yu and Hong, Yi-Te and Lu, Chi-Jen},
booktitle = {Advances in Neural Information Processing Systems 30},
editor = {I. Guyon and U. V. Luxburg and S. Bengio and H. Wallach and R. Fergus and S. Vishwanathan and R. Garnett},
pages = {4994--5004},
year = {2017},
publisher = {Curran Associates, Inc.},
url = {http://papers.nips.cc/paper/7084-online-reinforcement-learning-in-stochastic-games.pdf}
}

@incollection{wang2017,
title = {Finite sample analysis of the GTD Policy Evaluation Algorithms in Markov Setting},
author = {Wang, Yue and Chen, Wei and Liu, Yuting and Ma, Zhi-Ming and Liu, Tie-Yan},
booktitle = {Advances in Neural Information Processing Systems 30},
editor = {I. Guyon and U. V. Luxburg and S. Bengio and H. Wallach and R. Fergus and S. Vishwanathan and R. Garnett},
pages = {5510--5519},
year = {2017},
publisher = {Curran Associates, Inc.},
url = {http://papers.nips.cc/paper/7134-finite-sample-analysis-of-the-gtd-policy-evaluation-algorithms-in-markov-setting.pdf}
}

@incollection{swaminathan2017,
title = {Off-policy evaluation for slate recommendation},
author = {Swaminathan, Adith and Krishnamurthy, Akshay and Agarwal, Alekh and Dudik, Miro and Langford, John and Jose, Damien and Zitouni, Imed},
booktitle = {Advances in Neural Information Processing Systems 30},
editor = {I. Guyon and U. V. Luxburg and S. Bengio and H. Wallach and R. Fergus and S. Vishwanathan and R. Garnett},
pages = {3635--3645},
year = {2017},
publisher = {Curran Associates, Inc.},
url = {http://papers.nips.cc/paper/6954-off-policy-evaluation-for-slate-recommendation.pdf}
}

@incollection{papini2017,
title = {Adaptive Batch Size for Safe Policy Gradients},
author = {Papini, Matteo and Pirotta, Matteo and Restelli, Marcello},
booktitle = {Advances in Neural Information Processing Systems 30},
editor = {I. Guyon and U. V. Luxburg and S. Bengio and H. Wallach and R. Fergus and S. Vishwanathan and R. Garnett},
pages = {3594--3603},
year = {2017},
publisher = {Curran Associates, Inc.},
url = {http://papers.nips.cc/paper/6950-adaptive-batch-size-for-safe-policy-gradients.pdf}
}

@incollection{lanctot2017,
title = {A Unified Game-Theoretic Approach to Multiagent Reinforcement Learning},
author = {Lanctot, Marc and Zambaldi, Vinicius and Gruslys, Audrunas and Lazaridou, Angeliki and Tuyls, karl and Perolat, Julien and Silver, David and Graepel, Thore},
booktitle = {Advances in Neural Information Processing Systems 30},
editor = {I. Guyon and U. V. Luxburg and S. Bengio and H. Wallach and R. Fergus and S. Vishwanathan and R. Garnett},
pages = {4193--4206},
year = {2017},
publisher = {Curran Associates, Inc.},
url = {http://papers.nips.cc/paper/7007-a-unified-game-theoretic-approach-to-multiagent-reinforcement-learning.pdf}
}

@incollection{ding2017,
title = {Cold-Start Reinforcement Learning with Softmax Policy Gradient},
author = {Ding, Nan and Soricut, Radu},
booktitle = {Advances in Neural Information Processing Systems 30},
editor = {I. Guyon and U. V. Luxburg and S. Bengio and H. Wallach and R. Fergus and S. Vishwanathan and R. Garnett},
pages = {2814--2823},
year = {2017},
publisher = {Curran Associates, Inc.},
url = {http://papers.nips.cc/paper/6874-cold-start-reinforcement-learning-with-softmax-policy-gradient.pdf}
}

@incollection{vanseijen2017,
title = {Hybrid Reward Architecture for Reinforcement Learning},
author = {Van Seijen, Harm and Fatemi, Mehdi and Laroche, Romain and Romoff, Joshua and Barnes, Tavian and Tsang, Jeffrey},
booktitle = {Advances in Neural Information Processing Systems 30},
editor = {I. Guyon and U. V. Luxburg and S. Bengio and H. Wallach and R. Fergus and S. Vishwanathan and R. Garnett},
pages = {5398--5408},
year = {2017},
publisher = {Curran Associates, Inc.},
url = {http://papers.nips.cc/paper/7123-hybrid-reward-architecture-for-reinforcement-learning.pdf}
}

@incollection{christiano2017,
title = {Deep Reinforcement Learning from Human Preferences},
author = {Christiano, Paul F and Leike, Jan and Brown, Tom and Martic, Miljan and Legg, Shane and Amodei, Dario},
booktitle = {Advances in Neural Information Processing Systems 30},
editor = {I. Guyon and U. V. Luxburg and S. Bengio and H. Wallach and R. Fergus and S. Vishwanathan and R. Garnett},
pages = {4302--4310},
year = {2017},
publisher = {Curran Associates, Inc.},
url = {http://papers.nips.cc/paper/7017-deep-reinforcement-learning-from-human-preferences.pdf}
}

@incollection{louizos2017,
title = {Causal Effect Inference with Deep Latent-Variable Models},
author = {Louizos, Christos and Shalit, Uri and Mooij, Joris M and Sontag, David and Zemel, Richard and Welling, Max},
booktitle = {Advances in Neural Information Processing Systems 30},
editor = {I. Guyon and U. V. Luxburg and S. Bengio and H. Wallach and R. Fergus and S. Vishwanathan and R. Garnett},
pages = {6449--6459},
year = {2017},
publisher = {Curran Associates, Inc.},
url = {http://papers.nips.cc/paper/7223-causal-effect-inference-with-deep-latent-variable-models.pdf}
}

@incollection{rahmanian2017,
title = {Online Dynamic Programming},
author = {Rahmanian, Holakou and Warmuth, Manfred K},
booktitle = {Advances in Neural Information Processing Systems 30},
editor = {I. Guyon and U. V. Luxburg and S. Bengio and H. Wallach and R. Fergus and S. Vishwanathan and R. Garnett},
pages = {2824--2834},
year = {2017},
publisher = {Curran Associates, Inc.},
url = {http://papers.nips.cc/paper/6875-online-dynamic-programming.pdf}
}

@article{DBLP:journals/corr/HuangT17,
  author    = {Haiping Huang and
               Taro Toyoizumi},
  title     = {Reinforced backpropagation improves test performance of deep networks:
               a toy-model study},
  journal   = {CoRR},
  volume    = {abs/1701.07974},
  year      = {2017},
  url       = {http://arxiv.org/abs/1701.07974},
  archivePrefix = {arXiv},
  eprint    = {1701.07974},
  timestamp = {Wed, 07 Jun 2017 14:40:08 +0200},
  biburl    = {http://dblp.org/rec/bib/journals/corr/HuangT17},
  bibsource = {dblp computer science bibliography, http://dblp.org}
}

@inproceedings{guo2014deep,
  title={Deep learning for real-time Atari game play using offline Monte-Carlo tree search planning},
  author={Guo, Xiaoxiao and Singh, Satinder and Lee, Honglak and Lewis, Richard L and Wang, Xiaoshi},
  booktitle={Advances in neural information processing systems},
  pages={3338--3346},
  year={2014}
}

@article{DBLP:journals/corr/LevineFDA15,
  author    = {Sergey Levine and
               Chelsea Finn and
               Trevor Darrell and
               Pieter Abbeel},
  title     = {End-to-End Training of Deep Visuomotor Policies},
  journal   = {CoRR},
  volume    = {abs/1504.00702},
  year      = {2015},
  url       = {http://arxiv.org/abs/1504.00702},
  archivePrefix = {arXiv},
  eprint    = {1504.00702},
  timestamp = {Wed, 07 Jun 2017 14:40:29 +0200},
  biburl    = {http://dblp.org/rec/bib/journals/corr/LevineFDA15},
  bibsource = {dblp computer science bibliography, http://dblp.org}
}

@article{DBLP:journals/corr/GuLSL16,
  author    = {Shixiang Gu and
               Timothy P. Lillicrap and
               Ilya Sutskever and
               Sergey Levine},
  title     = {Continuous Deep Q-Learning with Model-based Acceleration},
  journal   = {CoRR},
  volume    = {abs/1603.00748},
  year      = {2016},
  url       = {http://arxiv.org/abs/1603.00748},
  archivePrefix = {arXiv},
  eprint    = {1603.00748},
  timestamp = {Wed, 07 Jun 2017 14:42:26 +0200},
  biburl    = {http://dblp.org/rec/bib/journals/corr/GuLSL16},
  bibsource = {dblp computer science bibliography, http://dblp.org}
}

@article{DBLP:journals/corr/ArulkumaranDSB16,
  author    = {Kai Arulkumaran and
               Nat Dilokthanakul and
               Murray Shanahan and
               Anil Anthony Bharath},
  title     = {Classifying Options for Deep Reinforcement Learning},
  journal   = {CoRR},
  volume    = {abs/1604.08153},
  year      = {2016},
  url       = {http://arxiv.org/abs/1604.08153},
  archivePrefix = {arXiv},
  eprint    = {1604.08153},
  timestamp = {Wed, 07 Jun 2017 14:42:55 +0200},
  biburl    = {http://dblp.org/rec/bib/journals/corr/ArulkumaranDSB16},
  bibsource = {dblp computer science bibliography, http://dblp.org}
}

@article{DBLP:journals/corr/ZahavyBM16,
  author    = {Tom Zahavy and
               Nir Ben{-}Zrihem and
               Shie Mannor},
  title     = {Graying the black box: Understanding DQNs},
  journal   = {CoRR},
  volume    = {abs/1602.02658},
  year      = {2016},
  url       = {http://arxiv.org/abs/1602.02658},
  archivePrefix = {arXiv},
  eprint    = {1602.02658},
  timestamp = {Wed, 07 Jun 2017 14:43:15 +0200},
  biburl    = {http://dblp.org/rec/bib/journals/corr/ZahavyBM16},
  bibsource = {dblp computer science bibliography, http://dblp.org}
}

@article{DBLP:journals/corr/ChenDHSSA16,
  author    = {Xi Chen and
               Yan Duan and
               Rein Houthooft and
               John Schulman and
               Ilya Sutskever and
               Pieter Abbeel},
  title     = {InfoGAN: Interpretable Representation Learning by Information Maximizing
               Generative Adversarial Nets},
  journal   = {CoRR},
  volume    = {abs/1606.03657},
  year      = {2016},
  url       = {http://arxiv.org/abs/1606.03657},
  archivePrefix = {arXiv},
  eprint    = {1606.03657},
  timestamp = {Wed, 07 Jun 2017 14:43:14 +0200},
  biburl    = {http://dblp.org/rec/bib/journals/corr/ChenDHSSA16},
  bibsource = {dblp computer science bibliography, http://dblp.org}
}

@incollection{lakkarajuNIPS2016,
title = {Confusions over Time: An Interpretable Bayesian Model to Characterize Trends in Decision Making},
author = {Lakkaraju, Himabindu and Leskovec, Jure},
booktitle = {Advances in Neural Information Processing Systems 29},
editor = {D. D. Lee and M. Sugiyama and U. V. Luxburg and I. Guyon and R. Garnett},
pages = {3261--3269},
year = {2016},
publisher = {Curran Associates, Inc.},
url = {http://papers.nips.cc/paper/6234-confusions-over-time-an-interpretable-bayesian-model-to-characterize-trends-in-decision-making.pdf}
}

@incollection{magliacaneNIPS2016,
title = {Ancestral Causal Inference},
author = {Magliacane, Sara and Claassen, Tom and Mooij, Joris M},
booktitle = {Advances in Neural Information Processing Systems 29},
editor = {D. D. Lee and M. Sugiyama and U. V. Luxburg and I. Guyon and R. Garnett},
pages = {4466--4474},
year = {2016},
publisher = {Curran Associates, Inc.},
url = {http://papers.nips.cc/paper/6266-ancestral-causal-inference.pdf}
}

@incollection{toulisNIPS2016,
title = {Long-term Causal Effects via Behavioral Game Theory},
author = {Toulis, Panagiotis and Parkes, David C},
booktitle = {Advances in Neural Information Processing Systems 29},
editor = {D. D. Lee and M. Sugiyama and U. V. Luxburg and I. Guyon and R. Garnett},
pages = {2604--2612},
year = {2016},
publisher = {Curran Associates, Inc.},
url = {http://papers.nips.cc/paper/6059-long-term-causal-effects-via-behavioral-game-theory.pdf}
}

@incollection{lattimoreNIPS2016,
title = {Causal Bandits: Learning Good Interventions via Causal Inference},
author = {Lattimore, Finnian and Lattimore, Tor and Reid, Mark D},
booktitle = {Advances in Neural Information Processing Systems 29},
editor = {D. D. Lee and M. Sugiyama and U. V. Luxburg and I. Guyon and R. Garnett},
pages = {1181--1189},
year = {2016},
publisher = {Curran Associates, Inc.}
}

@incollection{kulkarniNIPS2016,
title = {Hierarchical Deep Reinforcement Learning: Integrating Temporal Abstraction and Intrinsic Motivation},
author = {Kulkarni, Tejas D and Narasimhan, Karthik and Saeedi, Ardavan and Tenenbaum, Josh},
booktitle = {Advances in Neural Information Processing Systems 29},
editor = {D. D. Lee and M. Sugiyama and U. V. Luxburg and I. Guyon and R. Garnett},
pages = {3675--3683},
year = {2016},
publisher = {Curran Associates, Inc.},
url = {http://papers.nips.cc/paper/6233-hierarchical-deep-reinforcement-learning-integrating-temporal-abstraction-and-intrinsic-motivation.pdf}
}

@incollection{foersterNIPS2016,
title = {Learning to Communicate with Deep Multi-Agent Reinforcement Learning},
author = {Foerster, Jakob and Assael, Yannis and de Freitas, Nando and Whiteson, Shimon},
booktitle = {Advances in Neural Information Processing Systems 29},
editor = {D. D. Lee and M. Sugiyama and U. V. Luxburg and I. Guyon and R. Garnett},
pages = {2137--2145},
year = {2016},
publisher = {Curran Associates, Inc.},
url = {http://papers.nips.cc/paper/6042-learning-to-communicate-with-deep-multi-agent-reinforcement-learning.pdf}
}

@inproceedings{mnih2016asynchronous,
  title={Asynchronous methods for deep reinforcement learning},
  author={Mnih, Volodymyr and Badia, Adria Puigdomenech and Mirza, Mehdi and Graves, Alex and Lillicrap, Timothy and Harley, Tim and Silver, David and Kavukcuoglu, Koray},
  booktitle={International Conference on Machine Learning},
  pages={1928--1937},
  year={2016}
}

@inproceedings{schulman2015trust,
  title={Trust region policy optimization},
  author={Schulman, John and Levine, Sergey and Abbeel, Pieter and Jordan, Michael and Moritz, Philipp},
  booktitle={International Conference on Machine Learning},
  pages={1889--1897},
  year={2015}
}

@article{schulman2015high,
  title={High-dimensional continuous control using generalized advantage estimation},
  author={Schulman, John and Moritz, Philipp and Levine, Sergey and Jordan, Michael and Abbeel, Pieter},
  journal={arXiv preprint arXiv:1506.02438},
  year={2015}
}

@inproceedings{leibo2017multi,
  title={Multi-agent reinforcement learning in sequential social dilemmas},
  author={Leibo, Joel Z and Zambaldi, Vinicius and Lanctot, Marc and Marecki, Janusz and Graepel, Thore},
  booktitle={Proceedings of the 16th Conference on Autonomous Agents and MultiAgent Systems},
  pages={464--473},
  year={2017},
  organization={International Foundation for Autonomous Agents and Multiagent Systems}
}

@inproceedings{de2006learning,
  title={Learning to cooperate in multi-agent social dilemmas},
  author={de Cote, Enrique Munoz and Lazaric, Alessandro and Restelli, Marcello},
  booktitle={Proceedings of the fifth international joint conference on Autonomous agents and multiagent systems},
  pages={783--785},
  year={2006},
  organization={ACM}
}

@incollection{nowe2012game,
  title={Game theory and multi-agent reinforcement learning},
  author={Now{\'e}, Ann and Vrancx, Peter and De Hauwere, Yann-Micha{\"e}l},
  booktitle={Reinforcement Learning},
  pages={441--470},
  year={2012},
  publisher={Springer}
}

@incollection{bucsoniu2010multi,
  title={Multi-agent reinforcement learning: An overview},
  author={Bu{\c{s}}oniu, Lucian and Babu{\v{s}}ka, Robert and De Schutter, Bart},
  booktitle={Innovations in multi-agent systems and applications-1},
  pages={183--221},
  year={2010},
  publisher={Springer}
}

@article{busoniu2008comprehensive,
  title={A comprehensive survey of multiagent reinforcement learning},
  author={Busoniu, Lucian and Babuska, Robert and De Schutter, Bart},
  journal={IEEE Trans. Systems, Man, and Cybernetics, Part C},
  volume={38},
  number={2},
  pages={156--172},
  year={2008}
}

@article{shoham2007if,
  title={If multi-agent learning is the answer, what is the question?},
  author={Shoham, Yoav and Powers, Rob and Grenager, Trond},
  journal={Artificial Intelligence},
  volume={171},
  number={7},
  pages={365--377},
  year={2007},
  publisher={Elsevier}
}

@article{panait2005cooperative,
  title={Cooperative multi-agent learning: The state of the art},
  author={Panait, Liviu and Luke, Sean},
  journal={Autonomous agents and multi-agent systems},
  volume={11},
  number={3},
  pages={387--434},
  year={2005},
  publisher={Kluwer Academic Publishers}
}

@article{hernandez2017survey,
  title={A Survey of Learning in Multiagent Environments: Dealing with Non-Stationarity},
  author={Hernandez-Leal, Pablo and Kaisers, Michael and Baarslag, Tim and de Cote, Enrique Munoz},
  journal={arXiv preprint arXiv:1707.09183},
  year={2017}
}

@article{mnih2015human,
  title={Human-level control through deep reinforcement learning},
  author={Mnih, Volodymyr and Kavukcuoglu, Koray and Silver, David and Rusu, Andrei A and Veness, Joel and Bellemare, Marc G and Graves, Alex and Riedmiller, Martin and Fidjeland, Andreas K and Ostrovski, Georg and others},
  journal={Nature},
  volume={518},
  number={7540},
  pages={529},
  year={2015},
  publisher={Nature Publishing Group}
}

@article{lake2017building,
  title={Building machines that learn and think like people},
  author={Lake, Brenden M and Ullman, Tomer D and Tenenbaum, Joshua B and Gershman, Samuel J},
  journal={Behavioral and Brain Sciences},
  volume={40},
  year={2017},
  publisher={Cambridge University Press}
}

@inproceedings{silver2014deterministic,
  title={Deterministic policy gradient algorithms},
  author={Silver, David and Lever, Guy and Heess, Nicolas and Degris, Thomas and Wierstra, Daan and Riedmiller, Martin},
  booktitle={ICML},
  year={2014}
}

@article{niv2009reinforcement,
  title={Reinforcement learning in the brain},
  author={Niv, Yael},
  journal={Journal of Mathematical Psychology},
  volume={53},
  number={3},
  pages={139--154},
  year={2009},
  publisher={Elsevier}
}

@article{alon2015online,
  title={Online Learning with Feedback Graphs: Beyond Bandits},
  author={Alon, Noga and Cesa-Bianchi, Nicolo and Dekel, Ofer and Koren, Tomer},
  journal={arXiv preprint arXiv:1502.07617},
  year={2015}
}

@inproceedings{eberhardt2008causal,
  title={Causal discovery as a game},
  author={Eberhardt, Frederick},
  booktitle={Proceedings of the 2008th International Conference on Causality: Objectives and Assessment-Volume 6},
  pages={87--96},
  year={2008},
  organization={JMLR. org}
}

@article{eberhardt2012number,
  title={On the number of experiments sufficient and in the worst case necessary to identify all causal relations among n variables},
  author={Eberhardt, Frederick and Glymour, Clark and Scheines, Richard},
  journal={arXiv preprint arXiv:1207.1389},
  year={2012}
}

@inproceedings{hauser2012two,
  title={Two optimal strategies for active learning of causal models from interventions},
  author={Hauser, Alain and B{\"u}hlmann, Peter},
  booktitle={Proceedings of the 6th European Workshop on Probabilistic Graphical Models},
  pages={123--130},
  year={2012}
}

@article{ortega2014generalized,
  title={Generalized Thompson sampling for sequential decision-making and causal inference},
  author={Ortega, Pedro A and Braun, Daniel A},
  journal={Complex Adaptive Systems Modeling},
  volume={2},
  number={1},
  pages={2},
  year={2014},
  publisher={SpringerOpen}
}

@article{kemp2010learning,
  title={Learning to learn causal models},
  author={Kemp, Charles and Goodman, Noah D and Tenenbaum, Joshua B},
  journal={Cognitive Science},
  volume={34},
  number={7},
  pages={1185--1243},
  year={2010},
  publisher={Wiley Online Library}
}

@article{krynski2007role,
  title={The role of causality in judgment under uncertainty.},
  author={Krynski, Tevye R and Tenenbaum, Joshua B},
  journal={Journal of Experimental Psychology: General},
  volume={136},
  number={3},
  pages={430},
  year={2007},
  publisher={American Psychological Association}
}

@inproceedings{sanjana2003bayesian,
  title={Bayesian models of inductive generalization},
  author={Sanjana, Neville E and Tenenbaum, Joshua B},
  booktitle={Advances in neural information processing systems},
  pages={59--66},
  year={2003}
}

@article{li2017deep,
  title={Deep reinforcement learning: An overview},
  author={Li, Yuxi},
  journal={arXiv preprint arXiv:1701.07274},
  year={2017}
}

@article{gopnik2007bayesian,
  title={Bayesian networks, Bayesian learning and cognitive development},
  author={Gopnik, Alison and Tenenbaum, Joshua B},
  journal={Developmental science},
  volume={10},
  number={3},
  pages={281--287},
  year={2007},
  publisher={Wiley Online Library}
}

@book{von2007theory,
  title={Theory of games and economic behavior (commemorative edition)},
  author={Von Neumann, John and Morgenstern, Oskar},
  year={2007},
  publisher={Princeton university press}
}

@article{o2016pgq,
  title={Pgq: Combining policy gradient and q-learning},
  author={O'Donoghue, Brendan and Munos, Remi and Kavukcuoglu, Koray and Mnih, Volodymyr},
  journal={arXiv preprint arXiv:1611.01626},
  year={2016}
}

@inproceedings{silver2014deterministic,
  title={Deterministic policy gradient algorithms},
  author={Silver, David and Lever, Guy and Heess, Nicolas and Degris, Thomas and Wierstra, Daan and Riedmiller, Martin},
  booktitle={ICML},
  year={2014}
}

@inproceedings{lopez2015towards,
  title={Towards a learning theory of cause-effect inference},
  author={Lopez-Paz, David and Muandet, Krikamol and Sch{\"o}lkopf, Bernhard and Tolstikhin, Iliya},
  booktitle={International Conference on Machine Learning},
  pages={1452--1461},
  year={2015}
}

@incollection{van2012reinforcement,
  title={Reinforcement learning and markov decision processes},
  author={van Otterlo, Martijn and Wiering, Marco},
  booktitle={Reinforcement Learning},
  pages={3--42},
  year={2012},
  publisher={Springer}
}

@inproceedings{hasselt2010double,
  title={Double Q-learning},
  author={Hasselt, Hado V},
  booktitle={Advances in Neural Information Processing Systems},
  pages={2613--2621},
  year={2010}
}

@inproceedings{van2016deep,
  title={Deep Reinforcement Learning with Double Q-Learning.},
  author={Van Hasselt, Hado and Guez, Arthur and Silver, David},
  booktitle={AAAI},
  volume={16},
  pages={2094--2100},
  year={2016}
}

@article{watkins1992q,
  title={Q-learning},
  author={Watkins, Christopher JCH and Dayan, Peter},
  journal={Machine learning},
  volume={8},
  number={3-4},
  pages={279--292},
  year={1992},
  publisher={Springer}
}

@article{szepesvari2010algorithms,
  title={Algorithms for reinforcement learning},
  author={Szepesv{\'a}ri, Csaba},
  journal={Synthesis lectures on artificial intelligence and machine learning},
  volume={4},
  number={1},
  pages={1--103},
  year={2010},
  publisher={Morgan \& Claypool Publishers}
}

@article{zhang2017deeper,
  title={A Deeper Look at Experience Replay},
  author={Zhang, Shangtong and Sutton, Richard S},
  journal={arXiv preprint arXiv:1712.01275},
  year={2017}
}

@article{bougie2017deep,
  title={Deep Reinforcement Learning Boosted by External Knowledge},
  author={Bougie, Nicolas and Ichise, Ryutaro},
  journal={arXiv preprint arXiv:1712.04101},
  year={2017}
}

@article{innes2018reasoning,
  title={Reasoning about Unforeseen Possibilities During Policy Learning},
  author={Innes, Craig and Lascarides, Alex and Albrecht, Stefano V and Ramamoorthy, Subramanian and Rosman, Benjamin},
  journal={arXiv preprint arXiv:1801.03331},
  year={2018}
}

@article{kirsch2017mdp,
  title={MDP environments for the OpenAI Gym},
  author={Kirsch, Andreas},
  journal={arXiv preprint arXiv:1709.09069},
  year={2017}
}

@article{heckerman1995decision,
  title={Decision-theoretic foundations for causal reasoning},
  author={Heckerman, David and Shachter, Ross},
  journal={Journal of Artificial Intelligence Research},
  volume={3},
  pages={405--430},
  year={1995}
}

@inproceedings{bramley2015staying,
  title={Staying afloat on Neurath's boat-Heuristics for sequential causal learning},
  author={Bramley, Neil and Dayan, Peter and Lagnado, David A},
  booktitle={CogSci},
  volume={37},
  year={2015},
  organization={Cognitive Science Society}
}


@article{pearl2018theoretical,
  title={Theoretical Impediments to Machine Learning With Seven Sparks from the Causal Revolution},
  author={Pearl, Judea},
  journal={arXiv preprint arXiv:1801.04016},
  year={2018}
}

@article{albrecht2017autonomous,
  title={Autonomous Agents Modelling Other Agents: A Comprehensive Survey and Open Problems},
  author={Albrecht, Stefano V and Stone, Peter},
  journal={arXiv preprint arXiv:1709.08071},
  year={2017}
}

@article{silver2017mastering,
  title={Mastering the game of go without human knowledge},
  author={Silver, David and Schrittwieser, Julian and Simonyan, Karen and Antonoglou, Ioannis and Huang, Aja and Guez, Arthur and Hubert, Thomas and Baker, Lucas and Lai, Matthew and Bolton, Adrian and others},
  journal={Nature},
  volume={550},
  number={7676},
  pages={354},
  year={2017},
  publisher={Nature Publishing Group}
}

@article{silver2016mastering,
  title={Mastering the game of Go with deep neural networks and tree search},
  author={Silver, David and Huang, Aja and Maddison, Chris J and Guez, Arthur and Sifre, Laurent and Van Den Driessche, George and Schrittwieser, Julian and Antonoglou, Ioannis and Panneershelvam, Veda and Lanctot, Marc and others},
  journal={nature},
  volume={529},
  number={7587},
  pages={484--489},
  year={2016},
  publisher={Nature Research}
}

@article{impala2018,
	title={IMPALA: Scalable Distributed Deep-RL with Importance Weighted Actor-Learner Architectures},
	author={Espeholt, Lasse and Soyer, Hubert and Munos, Remi and Simonyan, Karen and Mnih Volodimir},
	journal={arXiv preprint arXiv:1801.03331v1},
	year={2018}
}

@article{harnack2017topological,
  title={Topological Causality in Dynamical Systems},
  author={Harnack, Daniel and Laminski, Erik and Sch{\"u}nemann, Maik and Pawelzik, Klaus Richard},
  journal={Physical review letters},
  volume={119},
  number={9},
  pages={098301},
  year={2017},
  publisher={APS}
}

@inproceedings{acar2007adaptive,
  title={Adaptive bayesian inference},
  author={Acar, Umut A and Ihler, Alexander T and Mettu, Ramgopal R and S{\"u}mer, {\"O}zg{\"u}r},
  booktitle={Proceedings of the 20th International Conference on Neural Information Processing Systems},
  pages={1441--1448},
  year={2007},
  organization={Curran Associates Inc.}
}

@article{sucar2015probabilistic,
  title={Probabilistic Graphical Models},
  author={Sucar, Luis Enrique},
  journal={Advances in Computer Vision and Pattern Recognition. London: Springer London. doi},
  volume={10},
  pages={978--1},
  year={2015},
  publisher={Springer}
}

@book{hjort2010bayesian,
  title={Bayesian nonparametrics},
  author={Hjort, Nils Lid and Holmes, Chris and M{\"u}ller, Peter and Walker, Stephen G},
  volume={28},
  year={2010},
  publisher={Cambridge University Press}
}

@book{muller2016bayesian,
  title={Bayesian nonparametric data analysis},
  author={M{\"u}ller, Peter and Quintana, Fernando Andr{\'e}s and Jara, Alejandro and Hanson, Tim},
  year={2016},
  publisher={Springer series in Statistics}
}

@book{ghosal2017fundamentals,
  title={Fundamentals of nonparametric Bayesian inference},
  author={Ghosal, Subhashis and van der Vaart, Aad},
  volume={44},
  year={2017},
  publisher={Cambridge University Press}
}

@book{phadia2015prior,
  title={Prior processes and their applications},
  author={Phadia, Eswar G},
  year={2015},
  publisher={Springer series in Statistics}
}

@article{schmidt2013nonparametric,
  title={Nonparametric Bayesian modeling of complex networks: An introduction},
  author={Schmidt, Mikkel N and Morup, Morten},
  journal={IEEE Signal Processing Magazine},
  volume={30},
  number={3},
  pages={110--128},
  year={2013},
  publisher={IEEE}
}

@book{ho2016principles,
  title={Principles of Noology: Toward a Theory and Science of Intelligence},
  author={Ho, Seng-Beng},
  volume={3},
  year={2016},
  publisher={Springer}
}

@inproceedings{ho2016ground,
  title={A ground level causal learning algorithm},
  author={Ho, Seng-Beng and Liausvia, Fiona},
  booktitle={Computational Intelligence (SSCI), 2016 IEEE Symposium Series on},
  pages={1--6},
  year={2016},
  organization={IEEE}
}

@inproceedings{ho2014rapid,
  title={A rapid learning and problem solving method: Application to the StarCraft game environment},
  author={Ho, Seng-Beng and Liausvia, Fiona},
  booktitle={Computational Intelligence for Human-like Intelligence (CIHLI), 2014 IEEE Symposium on},
  pages={1--8},
  year={2014},
  organization={IEEE}
}

@inproceedings{ho2016cognitively,
  title={Cognitively Realistic Problem Solving through Causal Learning},
  author={Ho, Seng-Beng},
  booktitle={Proceedings on the International Conference on Artificial Intelligence (ICAI)},
  pages={115},
  year={2016},
  organization={The Steering Committee of The World Congress in Computer Science, Computer Engineering and Applied Computing (WorldComp)}
}

@inproceedings{ho2013knowledge,
  title={Knowledge representation, learning, and problem solving for general intelligence},
  author={Ho, Seng-Beng and Liausvia, Fiona},
  booktitle={International Conference on Artificial General Intelligence},
  pages={60--69},
  year={2013},
  organization={Springer}
}


@inproceedings{ho2016reinforcement,
  title={Causal Learning versus Reinforcement Learning
for Knowledge Learning and Problem Solving},
  author={Ho, Seng-Beng},
  booktitle={The AAAI-17 Workshop on
Knowledge-Based Techniques for Problem Solving and Reasoning WS-17-12},
  pages={726--734},
  year={2016},
  organization={Association for the Advancement of Artificial Intelligence (www.aaai.org)}
}

@article{bent2015improving,
  title={Improving Exploration in Deep Reinforcement Learning},
  author={Bent, Oliver and Rashid, Tabish and Whiteson, Shimon},
  year={2015}
}

@article{schmidt2013nonparametric,
  title={Nonparametric Bayesian modeling of complex networks: An introduction},
  author={Schmidt, Mikkel N and Morup, Morten},
  journal={IEEE Signal Processing Magazine},
  volume={30},
  number={3},
  pages={110--128},
  year={2013},
  publisher={IEEE}
}

@inproceedings{caron2009bayesian,
  title={Bayesian nonparametric models on decomposable graphs},
  author={Caron, Fran{\c{c}}ois and Doucet, Arnaud},
  booktitle={Advances in Neural Information Processing Systems},
  pages={225--233},
  year={2009}
}

@article{brockman2016openai,
  title={Openai gym},
  author={Brockman, Greg and Cheung, Vicki and Pettersson, Ludwig and Schneider, Jonas and Schulman, John and Tang, Jie and Zaremba, Wojciech},
  journal={arXiv preprint arXiv:1606.01540},
  year={2016}
}

@article{harnack2016causality,
  title={On Causality in Dynamical Systems},
  author={Harnack, Daniel and Laminski, Erik and Pawelzik, Klaus Richard},
  journal={arXiv preprint arXiv:1605.02570},
  year={2016}
}

@article{galeotti2010network,
  title={Network games},
  author={Galeotti, Andrea and Goyal, Sanjeev and Jackson, Matthew O and Vega-Redondo, Fernando and Yariv, Leeat},
  journal={The review of economic studies},
  volume={77},
  number={1},
  pages={218--244},
  year={2010},
  publisher={Wiley-Blackwell}
}

@article{koller2003multi,
  title={Multi-agent influence diagrams for representing and solving games},
  author={Koller, Daphne and Milch, Brian},
  journal={Games and economic behavior},
  volume={45},
  number={1},
  pages={181--221},
  year={2003},
  publisher={Elsevier}
}

@article{hu2003nash,
  title={Nash Q-learning for general-sum stochastic games},
  author={Hu, Junling and Wellman, Michael P},
  journal={Journal of machine learning research},
  volume={4},
  number={Nov},
  pages={1039--1069},
  year={2003}
}

@book{webb2007game,
  title={Game theory: Decisions, Interaction and Evolution},
  author={Webb, James N},
  year={2007},
  publisher={Springer Undergraduate Mathematics Series}
}

@book{osborne1994course,
  title={A course in game theory},
  author={Osborne, Martin J and Rubinstein, Ariel},
  year={1994},
  publisher={MIT press}
}

@book{von1944theory,
  title={Theory of games and economic behavior},
  author={Von Neumann, John and Morgenstern, Oskar},
  year={1944},
  publisher={Princeton University Press}
}

@book{gintis2014bounds,
  title={The bounds of reason: Game theory and the unification of the behavioral sciences},
  author={Gintis, Herbert},
  year={2014},
  publisher={Princeton University Press}
}

@inproceedings{kummerfeld2013tracking,
  title={Tracking time-varying graphical structure},
  author={Kummerfeld, Erich and Danks, David},
  booktitle={Advances in neural information processing systems},
  pages={1205--1213},
  year={2013}
}

@incollection{heckerman2006bayesian,
  title={A Bayesian approach to causal discovery},
  author={Heckerman, David and Meek, Christopher and Cooper, Gregory},
  booktitle={Innovations in Machine Learning},
  pages={1--28},
  year={2006},
  publisher={Springer}
}

@Article{Bernardo1985,
author="Bernardo, J. M.
and Ferrandiz, J. R.
and Smith, A. F. M.",
title="The foundations of decision theory: An intuitive, operational approach with mathematical extensions",
journal="Theory and Decision",
year="1985",
month="Sep",
day="01",
volume="19",
number="2",
pages="127--150",
abstract="A new axiomatic basis for the foundations of decision theory is introduced and its mathematical development outlined. The system combines direct intuitive operational appeal with considerable structural flexibility in the resulting mathematical framework.",
issn="1573-7187",
doi="10.1007/BF00132439",
url="https://doi.org/10.1007/BF00132439"
}

@article{bernardo2000bayesian,
  title={Bayesian theory.},
  author={Bernardo, JM},
  journal={Wiley Series in Probability and Statistics.},
  year={2000},
  publisher={John Wiley \& Sons, Chichester. UK}
}

@inproceedings{ortega2015causal,
  title={Causal reasoning in a prediction task with hidden causes.},
  author={Ortega, Pedro A and Lee, Daniel D and Stocker, Alan A},
  booktitle={CogSci},
  year={2015}
}

@misc{jensen2001bayesian,
  title={Bayesian Networks and Decision Graphs. Series for Statistics for Engineering and Information Science},
  author={Jensen, Finn V},
  year={2001},
  publisher={Springer Verlag}
}

@article{harsanyi1967games,
  title={Games with incomplete information played by “Bayesian” players, I--III Part I. The basic model},
  author={Harsanyi, John C},
  journal={Management science},
  volume={14},
  number={3},
  pages={159--182},
  year={1967},
  publisher={INFORMS}
}

@article{bramley2017formalizing,
  title={Formalizing Neurath’s ship: Approximate algorithms for online causal learning.},
  author={Bramley, Neil R and Dayan, Peter and Griffiths, Thomas L and Lagnado, David A},
  journal={Psychological review},
  volume={124},
  number={3},
  pages={301},
  year={2017},
  publisher={US: American Psychological Association}
}

@inproceedings{agarwal2014taming,
  title={Taming the monster: A fast and simple algorithm for contextual bandits},
  author={Agarwal, Alekh and Hsu, Daniel and Kale, Satyen and Langford, John and Li, Lihong and Schapire, Robert},
  booktitle={International Conference on Machine Learning},
  pages={1638--1646},
  year={2014}
}

@inproceedings{Wu:2015:OLG:2969239.2969391,
 author = {Wu, Yifan and Gy\"{o}rgy, Andr\'{a}s and Szepesv\'{a}ri, Csaba},
 title = {Online Learning with Gaussian Payoffs and Side Observations},
 booktitle = {Proceedings of the 28th International Conference on Neural Information Processing Systems - Volume 1},
 series = {NIPS'15},
 year = {2015},
 location = {Montreal, Canada},
 pages = {1360--1368},
 numpages = {9},
 url = {http://dl.acm.org/citation.cfm?id=2969239.2969391},
 acmid = {2969391},
 publisher = {MIT Press},
 address = {Cambridge, MA, USA}
} 

@book{savage1954the,
  title={The Foundations of Statistics.},
  author={Savage, L.J.},
  year={1954},
  publisher={New York: John Wiley \& Sons}
}

@book{peters2017elements,
  title={Elements of causal inference: foundations and learning algorithms},
  author={Peters, Jonas and Janzing, Dominik and Sch{\"o}lkopf, Bernhard},
  year={2017},
  publisher={MIT Press}
}

@article{wellman2012structure,
  title={The structure of signals: Causal interdependence models for games of incomplete information},
  author={Wellman, Michael P and Hong, Lu and Page, Scott E},
  journal={arXiv preprint arXiv:1202.3768},
  year={2012}
}

@article{monderer1997dynamic,
  title={Dynamic non-bayesian decision making},
  author={Monderer, Dov and Tennenholtz, Moshe},
  journal={JAIR},
  volume={7},
  pages={231--248},
  year={1997}
}

@article{witsenhausen1971information,
  title={On information structures, feedback and causality},
  author={Witsenhausen, Hans S},
  journal={SIAM Journal on Control},
  volume={9},
  number={2},
  pages={149--160},
  year={1971},
  publisher={SIAM}
}

@article{shalev2012online,
  title={Online learning and online convex optimization},
  author={Shalev-Shwartz, Shai and others},
  journal={Foundations and Trends{\textregistered} in Machine Learning},
  volume={4},
  number={2},
  pages={107--194},
  year={2012},
  publisher={Now Publishers, Inc.}
}

@article{kristensen2002use,
  title={The use of a Bayesian network in the design of a decision support system for growing malting barley without use of pesticides},
  author={Kristensen, Kristian and Rasmussen, Ilse A},
  journal={Computers and Electronics in Agriculture},
  volume={33},
  number={3},
  pages={197--217},
  year={2002},
  publisher={Elsevier}
}


@article{albrecht2016exploiting,
	title = {Exploiting Causality for Selective Belief Filtering in Dynamic {B}ayesian Networks},
	author = {Albrecht, S.V. and Ramamoorthy, S.},
	journal = {Journal of Artificial Intelligence Research},
	volume = {55},
	pages = {1135--1178},
	year = {2016},
	publisher = {AI Access Foundation},
	note = {DOI: 10.1613/jair.5044}
}

@article{thompson1933likelihood,
  title={On the likelihood that one unknown probability exceeds another in view of the evidence of two samples},
  author={Thompson, William R},
  journal={Biometrika},
  volume={25},
  number={3/4},
  pages={285--294},
  year={1933},
  publisher={JSTOR}
}

@inproceedings{ortega2011bayesian,
  title={Bayesian Causal Induction},
  author={Ortega, PA},
  booktitle={NIPS 2011 Workshop on Philosophy and Machine Learning},
  pages={1--4},
  year={2011}
}

@inproceedings{acuna2009structure,
  title={Structure learning in human sequential decision-making},
  author={Acuna, Daniel and Schrater, Paul R},
  booktitle={Advances in neural information processing systems},
  pages={1--8},
  year={2009}
}

@inproceedings{wilson2012transfer,
  title={Transfer learning in sequential decision problems: A hierarchical Bayesian approach},
  author={Wilson, Aaron and Fern, Alan and Tadepalli, Prasad},
  booktitle={Proceedings of ICML Workshop on Unsupervised and Transfer Learning},
  pages={217--227},
  year={2012}
}

@article{dimitrakakis2018decision,
  title={Decision Making Under Uncertainty and Reinforcement Learning},
  author={Dimitrakakis, Christos and Ortner, Ronald},
  url={http://www.cse.chalmers.se/~chrdimi/downloads/book.pdf},
  year={2018}
}

@phdthesis{houlding2008sequential,
  title={Sequential decision making with adaptive utility},
  author={Houlding, Brett},
  year={2008},
  school={Durham University}
}

@article{de2015network,
  title={Network games with incomplete information},
  author={De Mart{\'\i}, Joan and Zenou, Yves},
  journal={Journal of Mathematical Economics},
  volume={61},
  pages={221--240},
  year={2015},
  publisher={Elsevier}
}

@article{boutilier1999decision,
  title={Decision-theoretic planning: Structural assumptions and computational leverage},
  author={Boutilier, Craig and Dean, Thomas and Hanks, Steve},
  journal={Journal of Artificial Intelligence Research},
  volume={11},
  number={1},
  pages={94},
  year={1999}
}

@article{ortega2015subjectivity,
  title={Subjectivity, Bayesianism, and causality},
  author={Ortega, Pedro A},
  journal={Pattern Recognition Letters},
  volume={64},
  pages={63--70},
  year={2015},
  publisher={Elsevier}
}

@article{wellman2012structure,
  title={The structure of signals: Causal interdependence models for games of incomplete information},
  author={Wellman, Michael P and Hong, Lu and Page, Scott E},
  journal={arXiv preprint arXiv:1202.3768},
  year={2012}
}

@article{dedeo2010inductive,
  title={Inductive game theory and the dynamics of animal conflict},
  author={DeDeo, Simon and Krakauer, David C and Flack, Jessica C},
  journal={PLoS computational biology},
  volume={6},
  number={5},
  pages={e1000782},
  year={2010},
  publisher={Public Library of Science}
}

@article{cavalcanti2010causation,
  title={Causation, decision theory, and Bell’s theorem: a quantum analogue of the Newcomb problem},
  author={Cavalcanti, Eric G},
  journal={The British Journal for the Philosophy of Science},
  volume={61},
  number={3},
  pages={569--597},
  year={2010},
  publisher={Oxford University Press}
}

@Inbook{Ho2018,
author="Ho, Teck H.",
title="Individual Learning in Games",
bookTitle="The New Palgrave Dictionary of Economics",
year="2018",
publisher="Palgrave Macmillan UK",
address="London",
pages="6295--6302",
abstract="This article reviews individual models of learning in games. We show that the experience-weighted attraction (EWA) learning nests different forms of reinforcement and belief learning, and that belief learning is mathematically equivalent to generalized reinforcement, where even unchosen strategies are reinforced. Many studies consisting of thousands of observations suggest that the EWA model predicts behaviour out-of-sample better than its special cases. We also describe a generalization of EWA learning to investigate anticipation by some players that others are learning. This generalized framework links equilibrium and learning models, and improves predictive performance when players are experienced and sophisticated.",
isbn="978-1-349-95189-5",
doi="10.1057/978-1-349-95189-5_2442",
url="https://doi.org/10.1057/978-1-349-95189-5_2442"
}

@Inbook{VanDamme2018,
author="Van Damme, Eric",
title="Extensive Form Games",
bookTitle="The New Palgrave Dictionary of Economics",
year="2018",
publisher="Palgrave Macmillan UK",
address="London",
pages="4305--4309",
abstract="The most general model used to describe conflict situations is the extensive form model, which specifies in detail the dynamic evolution of each situation and thus provides an exact description of `who knows what when' and `what is the consequence of which'. The model should contain all relevant aspects of the situation; in particular, any possibility of (pre)commitment should be explicitly included. This implies that the game should be analysed by solution concepts from noncooperative game theory, that is, refinements of Nash equilibria. The term extensive form game was coined in von Neumann and Morgenstern (1944) in which a set theoretic approach was used. We will describe the graph theoretical representation proposed in Kuhn (1953) that has become the standard model. For convenience, attention will be restricted to finite games.",
isbn="978-1-349-95189-5",
doi="10.1057/978-1-349-95189-5_657",
url="https://doi.org/10.1057/978-1-349-95189-5_657"
}

@conference{dawid2008optimal,
title = "Identifying optimal sequential decisions",
abstract = "Abstract: We consider conditions that allow us to find an optimal strategy for sequential decisions from a given data situation. For the case where all interventions are unconditional (atomic), identifiability has been discussed by Pearl & Robins (1995). We argue here that an optimal strategy must be conditional, i.e. take the information available at each decision point into account. We show that the identification of an optimal sequential decision strategy is more restrictive, in the sense that conditional interventions might not always be identified when atomic interventions are. We further demonstrate that a simple graphical criterion for the identifiability of an optimal strategy can be given.",
author = "AP Dawid and V Didelez",
note = "Name and Venue of Event: 24th UAI Conference, Helsinki, Finland Conference Proceedings/Title of Journal: Proceedings of the 24th UAI Conference Conference Organiser: Ronald Parr",
year = "2008",
pages = "113 -- 120",
}

@article{na2012identifying,
  title={Identifying the Causal Effects of Stochastic Interventions by Augmented Causal Networks},
  author={Na, Shan and Xiaogang, Dong},
  volume={28},
  number={6},
  year={2012}
}

@article{ambuehl2018belief,
  title={Belief updating and the demand for information},
  author={Ambuehl, Sandro and Li, Shengwu},
  journal={Games and Economic Behavior},
  volume={109},
  pages={21--39},
  year={2018},
  publisher={Elsevier}
}

@incollection{neumann2018equilibrium,
  title={Equilibrium Selection in Coordination Games: An Experimental Study of the Role of Higher Order Beliefs in Strategic Decisions},
  author={Neumann, Thomas and Vogt, Bodo},
  booktitle={Operations Research Proceedings 2016},
  pages={209--215},
  year={2018},
  publisher={Springer}
}

@article{ouyang2017dynamic,
  title={Dynamic games with asymmetric information: Common information based perfect bayesian equilibria and sequential decomposition},
  author={Ouyang, Yi and Tavafoghi, Hamidreza and Teneketzis, Demosthenis},
  journal={IEEE Transactions on Automatic Control},
  volume={62},
  number={1},
  pages={222--237},
  year={2017},
  publisher={IEEE}
}

@inproceedings{vasal2016systematic,
  title={A systematic process for evaluating structured perfect Bayesian equilibria in dynamic games with asymmetric information},
  author={Vasal, Deepanshu and Anastasopoulos, Achilleas},
  booktitle={American Control Conference (ACC), 2016},
  pages={3378--3385},
  year={2016},
  organization={IEEE}
}

@article{cooray2016dynamic,
  title={Dynamic causal modelling of electrographic seizure activity using Bayesian belief updating},
  author={Cooray, Gerald K and Sengupta, Biswa and Douglas, Pamela K and Friston, Karl},
  journal={NeuroImage},
  volume={125},
  pages={1142--1154},
  year={2016},
  publisher={Elsevier}
}

@article{friston2017dynamic,
  title={Dynamic causal modelling revisited},
  author={Friston, KJ and Preller, Katrin H and Mathys, Chris and Cagnan, Hayriye and Heinzle, Jakob and Razi, Adeel and Zeidman, Peter},
  journal={NeuroImage},
  year={2017},
  publisher={Elsevier}
}

@article{ortega2015subjectivity,
  title={Subjectivity, Bayesianism, and causality},
  author={Ortega, Pedro A},
  journal={Pattern Recognition Letters},
  volume={64},
  pages={63--70},
  year={2015},
  publisher={Elsevier}
}

@article{larrouy2017mindreading,
  title={Mindreading and endogenous beliefs in games},
  author={Larrouy, Lauren and Lecouteux, Guilhem},
  journal={Journal of Economic Methodology},
  volume={24},
  number={3},
  pages={318--343},
  year={2017},
  publisher={Taylor \& Francis}
}

@inproceedings{wang2003reinforcement,
  title={Reinforcement learning to play an optimal Nash equilibrium in team Markov games},
  author={Wang, Xiaofeng and Sandholm, Tuomas},
  booktitle={Advances in neural information processing systems},
  pages={1603--1610},
  year={2003}
}

@article{amir2016endogenous,
  title={Endogenous information acquisition in bayesian games with strategic complementarities},
  author={Amir, Rabah and Lazzati, Natalia},
  journal={Journal of Economic Theory},
  volume={163},
  pages={684--698},
  year={2016},
  publisher={Elsevier}
}

@article{mansour2016bayesian,
  title={Bayesian exploration: Incentivizing exploration in bayesian games},
  author={Mansour, Yishay and Slivkins, Aleksandrs and Syrgkanis, Vasilis and Wu, Zhiwei Steven},
  journal={arXiv preprint arXiv:1602.07570},
  year={2016}
}

@article{bjorndahl2016bayesian,
  title={Bayesian Games with Intentions},
  author={Bjorndahl, Adam and Halpern, Joseph Y and Pass, Rafael},
  journal={arXiv preprint arXiv:1606.07519},
  year={2016}
}

@article{kadane1982subjective,
  title={Subjective probability and the theory of games},
  author={Kadane, Joseph B and Larkey, Patrick D},
  journal={Management Science},
  volume={28},
  number={2},
  pages={113--120},
  year={1982},
  publisher={INFORMS}
}


@inproceedings{mansour2015bayesian,
  title={Bayesian incentive-compatible bandit exploration},
  author={Mansour, Yishay and Slivkins, Aleksandrs and Syrgkanis, Vasilis},
  booktitle={Proceedings of the Sixteenth ACM Conference on Economics and Computation},
  pages={565--582},
  year={2015},
  organization={ACM}
}

@inproceedings{mcmahan2007unification,
  title={A unification of extensive-form games and Markov decision processes},
  author={McMahan, H Brendan and Gordon, Geoffrey J},
  booktitle={Proceedings of the 22nd national conference on Artificial intelligence-Volume 1},
  pages={86--93},
  year={2007},
  organization={AAAI Press}
}

@inproceedings{definetti1930,
title={Funzione caratteristica di un fenomeno aleatorio},
author={De Finetti, B.},
booktitle={Atti della  Academia Nazionale dei Lincei  Rendiconti, Class di Scienze Fisiche, Mathematice e Naturali},
volume={4},
pages={86-133},
year={1930}
}

@inproceedings{definetti1937,
title={La  Prévision: Ses  Lois  Logiques, Ses Sources Subjectives},
author={De Finetti, B.},
booktitle={Annales de l'Institut Henri Poncairé},
volume={7},
pages={1-68},
year={1937}
}

@book{shoham2008multiagent,
  title={Multiagent systems: Algorithmic, game-theoretic, and logical foundations},
  author={Shoham, Yoav and Leyton-Brown, Kevin},
  year={2008},
  publisher={Cambridge University Press}
}

@article{gupta2015existence,
  title={On the existence of optimal policies for a class of static and sequential dynamic teams},
  author={Gupta, Abhishek and Yuksel, Serdar and Basar, Tamer and Langbort, Cedric},
  journal={SIAM Journal on Control and Optimization},
  volume={53},
  number={3},
  pages={1681--1712},
  year={2015},
  publisher={SIAM}
}

@inproceedings{ziebart2011maximum,
  title={Maximum causal entropy correlated equilibria for Markov games},
  author={Ziebart, Brian D and Bagnell, J Andrew and Dey, Anind K},
  booktitle={The 10th International Conference on Autonomous Agents and Multiagent Systems-Volume 1},
  pages={207--214},
  year={2011},
  organization={International Foundation for Autonomous Agents and Multiagent Systems}
}

@InProceedings{10.1007/978-94-010-0189-2_25,
author="Sorin, Sylvain",
editor="Neyman, Abraham
and Sorin, Sylvain",
title="Stochastic Games with Incomplete Information",
booktitle="Stochastic Games and Applications",
year="2003",
publisher="Springer Netherlands",
address="Dordrecht",
pages="375--395",
abstract="This chapter deals with stochastic games where the state is not publicly known.",
isbn="978-94-010-0189-2"
}

@article{hill2011bayesian,
  title={Bayesian nonparametric modeling for causal inference},
  author={Hill, Jennifer L},
  journal={Journal of Computational and Graphical Statistics},
  volume={20},
  number={1},
  pages={217--240},
  year={2011},
  publisher={Taylor \& Francis}
}

@article{shapley1953stochastic,
  title={Stochastic games},
  author={Shapley, Lloyd S},
  journal={Proceedings of the national academy of sciences},
  volume={39},
  number={10},
  pages={1095--1100},
  year={1953},
  publisher={National Acad Sciences}
}

@inproceedings{kleinberg2014time,
  title={Time-inconsistent planning: a computational problem in behavioral economics},
  author={Kleinberg, Jon and Oren, Sigal},
  booktitle={Proceedings of the fifteenth ACM conference on Economics and computation},
  pages={547--564},
  year={2014},
  organization={ACM}
}

@inproceedings{albers2016motivating,
  title={Motivating time-inconsistent agents: A computational approach},
  author={Albers, Susanne and Kraft, Dennis},
  booktitle={International Conference on Web and Internet Economics},
  pages={309--323},
  year={2016},
  organization={Springer}
}

@book{pearlwhy,
 title={The Book of Why: The New Science of Cause and Effect},
 author={Pearl, J., Mackenzie, D.},
 year={2018},
 publisher={Basic Books}
}

@article{board2006equivalence,
  title={The equivalence of Bayes and causal rationality in games},
  author={Board, Oliver},
  journal={Theory and decision},
  volume={61},
  number={1},
  pages={1--19},
  year={2006},
  publisher={Springer}
}

@inproceedings{hernandez2017learning,
  title={Learning against sequential opponents in repeated stochastic games},
  author={Hernandez-Leal, Pablo and Kaisers, Michael},
  booktitle={The 3rd Multi-disciplinary Conference on Reinforcement Learning and Decision Making, Ann Arbor},
  year={2017}
}

@incollection{stalnaker2016knowledge,
  title={Knowledge, belief and counterfactual reasoning in games},
  author={Stalnaker, Robert},
  booktitle={Readings in Formal Epistemology},
  pages={895--922},
  year={2016},
  publisher={Springer}
}

@article{soares2015toward,
  title={Toward idealized decision theory},
  author={Soares, Nate and Fallenstein, Benja},
  journal={arXiv preprint arXiv:1507.01986},
  year={2015}
}

@article{board2006equivalence,
  title={The equivalence of Bayes and causal rationality in games},
  author={Board, Oliver},
  journal={Theory and decision},
  volume={61},
  number={1},
  pages={1--19},
  year={2006},
  publisher={Springer}
}

@article{rottman2014reasoning,
  title={Reasoning about causal relationships: Inferences on causal networks.},
  author={Rottman, Benjamin Margolin and Hastie, Reid},
  journal={Psychological bulletin},
  volume={140},
  number={1},
  pages={109},
  year={2014},
  publisher={American Psychological Association}
}

@article{joyce2012regret,
  title={Regret and instability in causal decision theory},
  author={Joyce, James M},
  journal={Synthese},
  volume={187},
  number={1},
  pages={123--145},
  year={2012},
  publisher={Springer}
}

@article{ahmed2012push,
  title={Push the button},
  author={Ahmed, Arif},
  journal={Philosophy of Science},
  volume={79},
  number={3},
  pages={386--395},
  year={2012},
  publisher={University of Chicago Press Chicago, IL}
}

@inproceedings{dewey2014reinforcement,
  title={Reinforcement learning and the reward engineering principle},
  author={Dewey, Daniel},
  booktitle={2014 AAAI Spring Symposium Series},
  year={2014}
}

@incollection{athey2017impact,
  title={The Impact of Machine Learning on Economics},
  author={Athey, Susan},
  booktitle={Economics of Artificial Intelligence},
  year={2017},
  publisher={University of Chicago Press}
}

@inproceedings{lasecki2013real,
  title={Real-time crowd labeling for deployable activity recognition},
  author={Lasecki, Walter S and Song, Young Chol and Kautz, Henry and Bigham, Jeffrey P},
  booktitle={Proceedings of the 2013 conference on Computer supported cooperative work},
  pages={1203--1212},
  year={2013},
  organization={ACM}
}

@inproceedings{werling2015job,
  title={On-the-job learning with bayesian decision theory},
  author={Werling, Keenon and Chaganty, Arun Tejasvi and Liang, Percy S and Manning, Christopher D},
  booktitle={Advances in Neural Information Processing Systems},
  pages={3465--3473},
  year={2015}
}

@techreport{settlestr09,
Author = {Burr Settles},
Institution = {University of Wisconsin--Madison},
Number = {1648},
Title = {Active Learning Literature Survey},
Type = {Computer Sciences Technical Report},
Year = {2009},
}

@inproceedings{javdani2014near,
  title={Near Optimal Bayesian Active Learning for Decision Making.},
  author={Javdani, Shervin and Chen, Yuxin and Karbasi, Amin and Krause, Andreas and Bagnell, Drew and Srinivasa, Siddhartha S},
  booktitle={AISTATS},
  volume={2},
  pages={17},
  year={2014}
}

@inproceedings{audibert2010best,
  title={Best arm identification in multi-armed bandits},
  author={Audibert, Jean-Yves and Bubeck, S{\'e}bastien},
  booktitle={COLT-23th Conference on Learning Theory-2010},
  pages={13--p},
  year={2010}
}

@article{meder2010observing,
  title={Observing and intervening: Rational and heuristic models of causal decision making},
  author={Meder, Bj{\"o}rn and Gerstenberg, Tobias and Hagmayer, York and Waldmann, Michael R},
  journal={The Open Psychology Journal},
  volume={3},
  pages={119--135},
  year={2010}
}

@inproceedings{nichols2007decision,
  title={Decision making using learned causal structures},
  author={Nichols, William and Danks, David},
  booktitle={Proceedings of the Annual Meeting of the Cognitive Science Society},
  volume={29},
  number={29},
  year={2007}
}

@inproceedings{peters2011identifiability,
  title={Identifiability of causal graphs using functional models},
  author={Peters, Jonas and Mooij, JM and Janzing, D and Sch{\"o}lkop, B},
  booktitle={(ed.), Proceedings of the 27th Conference on Uncertainty in Artificial Intelligence, UAI 2011},
  pages={589--598},
  year={2011},
  organization={Corvallis: AUAI Press}
}

@article{pearl1995causal,
  title={Causal diagrams for empirical research},
  author={Pearl, Judea},
  journal={Biometrika},
  volume={82},
  number={4},
  pages={669--688},
  year={1995},
  publisher={Oxford University Press}
}

@inproceedings{huang2006pearl,
  title={Pearl's calculus of intervention is complete},
  author={Huang, Yimin and Valtorta, Marco},
  booktitle={Proceedings of the Twenty-Second Conference on Uncertainty in Artificial Intelligence},
  pages={217--224},
  year={2006},
  organization={AUAI Press}
}

@inproceedings{shpitser2006identification,
  title={Identification of joint interventional distributions in recursive semi-Markovian causal models},
  author={Shpitser, Ilya and Pearl, Judea},
  booktitle={Proceedings of the National Conference on Artificial Intelligence},
  volume={21},
  number={2},
  pages={1219--1226},
  year={2006},
  organization={Menlo Park, CA; Cambridge, MA; London; AAAI Press; MIT Press; 1999}
}

@techreport{tian2002,
author={Tian, J.},
title={Studies in Caual Reasoning and Learning},
type={PhD Thesis},
institution={Department of Computer Science, University of California Los Angeles},
year={2002}
}

@article{fernbach2009causal,
  title={Causal learning with local computations.},
  author={Fernbach, Philip M and Sloman, Steven A},
  journal={Journal of experimental psychology: Learning, memory, and cognition},
  volume={35},
  number={3},
  pages={678},
  year={2009},
  publisher={American Psychological Association}
}

@article{waldmann2008causal,
  title={Causal learning in rats and humans: A minimal rational model},
  author={Waldmann, Michael R and Cheng, Patricia W and Hagmayer, York and Blaisdell, Aaron P},
  journal={The probabilistic mind. Prospects for Bayesian cognitive science},
  pages={453--484},
  year={2008}
}

@inproceedings{russo2016simple,
  title={Simple bayesian algorithms for best arm identification},
  author={Russo, Daniel},
  booktitle={Conference on Learning Theory},
  pages={1417--1418},
  year={2016}
}

@inproceedings{jamieson2014best,
  title={Best-arm identification algorithms for multi-armed bandits in the fixed confidence setting},
  author={Jamieson, Kevin and Nowak, Robert},
  booktitle={Information Sciences and Systems (CISS), 2014 48th Annual Conference on},
  pages={1--6},
  year={2014},
  organization={IEEE}
}

@article{kaufmann2016complexity,
  title={On the complexity of best-arm identification in multi-armed bandit models},
  author={Kaufmann, Emilie and Capp{\'e}, Olivier and Garivier, Aur{\'e}lien},
  journal={The Journal of Machine Learning Research},
  volume={17},
  number={1},
  pages={1--42},
  year={2016},
  publisher={JMLR. org}
}

@inproceedings{sen2017identifying,
  title={Identifying Best Interventions through Online Importance Sampling},
  author={Sen, Rajat and Shanmugam, Karthikeyan and Dimakis, Alexandros G and Shakkottai, Sanjay},
  booktitle={International Conference on Machine Learning},
  pages={3057--3066},
  year={2017}
}

@article{chen2015optimal,
  title={On the optimal sample complexity for best arm identification},
  author={Chen, Lijie and Li, Jian},
  journal={arXiv preprint arXiv:1511.03774},
  year={2015}
}

@inproceedings{jamieson2014lil,
  title={lil’ucb: An optimal exploration algorithm for multi-armed bandits},
  author={Jamieson, Kevin and Malloy, Matthew and Nowak, Robert and Bubeck, S{\'e}bastien},
  booktitle={Conference on Learning Theory},
  pages={423--439},
  year={2014}
}

@inproceedings{carpentier2016tight,
  title={Tight (lower) bounds for the fixed budget best arm identification bandit problem},
  author={Carpentier, Alexandra and Locatelli, Andrea},
  booktitle={Conference on Learning Theory},
  pages={590--604},
  year={2016}
}

@article{mooij2016distinguishing,
  title={Distinguishing cause from effect using observational data: methods and benchmarks},
  author={Mooij, Joris M and Peters, Jonas and Janzing, Dominik and Zscheischler, Jakob and Sch{\"o}lkopf, Bernhard},
  journal={The Journal of Machine Learning Research},
  volume={17},
  number={1},
  pages={1103--1204},
  year={2016},
  publisher={JMLR. org}
}

@article{hyttinen2013experiment,
  title={Experiment selection for causal discovery},
  author={Hyttinen, Antti and Eberhardt, Frederick and Hoyer, Patrik O},
  journal={The Journal of Machine Learning Research},
  volume={14},
  number={1},
  pages={3041--3071},
  year={2013},
  publisher={JMLR. org}
}

@inproceedings{eberhardt2008almost,
  title={Almost optimal intervention sets for causal discovery},
  author={Eberhardt, Frederick},
  booktitle={Proceedings of the Twenty-Fourth Conference on Uncertainty in Artificial Intelligence},
  pages={161--168},
  year={2008},
  organization={AUAI Press}
}

@inproceedings{hauser2012two,
  title={Two optimal strategies for active learning of causal models from interventions},
  author={Hauser, Alain and B{\"u}hlmann, Peter},
  booktitle={Proceedings of the 6th European Workshop on Probabilistic Graphical Models},
  pages={123--130},
  year={2012}
}

@article{loh2014high,
  title={High-dimensional learning of linear causal networks via inverse covariance estimation.},
  author={Loh, Po-Ling and B{\"u}hlmann, Peter},
  journal={Journal of Machine Learning Research},
  volume={15},
  number={1},
  pages={3065--3105},
  year={2014}
}

@inproceedings{shanmugam2015learning,
  title={Learning causal graphs with small interventions},
  author={Shanmugam, Karthikeyan and Kocaoglu, Murat and Dimakis, Alexandros G and Vishwanath, Sriram},
  booktitle={Advances in Neural Information Processing Systems},
  pages={3195--3203},
  year={2015}
}

@article{tingley2010belief,
  title={Belief updating in sequential games of two-sided incomplete information: An experimental study of a crisis bargaining model},
  author={Tingley, Dustin H and Wang, Stephanie W and others},
  journal={Quarterly Journal of Political Science},
  volume={5},
  number={3},
  pages={243--255},
  year={2010},
  publisher={Now Publishers, Inc.}
}

@article{karabatsos2012bayesian,
  title={A Bayesian nonparametric causal model},
  author={Karabatsos, George and Walker, Stephen G},
  journal={Journal of Statistical Planning and Inference},
  volume={142},
  number={4},
  pages={925--934},
  year={2012},
  publisher={Elsevier}
}

@incollection{harper1988causal,
  title={Causal decision theory and game theory: a classic argument for equilibrium solutions, a defense of weak equilibria, and a new problem for the normal form representation},
  author={Harper, William L},
  booktitle={Causation in Decision, Belief Change, and Statistics},
  pages={25--48},
  year={1988},
  publisher={Springer}
}

@article{costa2008stated,
  title={Stated beliefs and play in normal-form games},
  author={Costa-Gomes, Miguel A and Weizs{\"a}cker, Georg},
  journal={The Review of Economic Studies},
  volume={75},
  number={3},
  pages={729--762},
  year={2008},
  publisher={Wiley-Blackwell}
}

@article{dominitz2009empirical,
  title={Empirical models of discrete choice and belief updating in observational learning experiments},
  author={Dominitz, Jeff and Hung, Angela A},
  journal={Journal of Economic Behavior \& Organization},
  volume={69},
  number={2},
  pages={94--109},
  year={2009},
  publisher={Elsevier}
}

@article{di2013predictive,
  title={The predictive role of counterfactuals},
  author={Di Tillio, Alfredo and Gilboa, Itzhak and Samuelson, Larry},
  journal={Theory and decision},
  volume={74},
  number={2},
  pages={167--182},
  year={2013},
  publisher={Springer}
}

@book{gilboa2001theory,
  title={A theory of case-based decisions},
  author={Gilboa, Itzhak and Schmeidler, David},
  year={2001},
  publisher={Cambridge University Press}
}

@incollection{mccarthy1981some,
  title={Some philosophical problems from the standpoint of artificial intelligence},
  author={McCarthy, John and Hayes, Patrick J},
  booktitle={Readings in artificial intelligence},
  pages={431--450},
  year={1981},
  publisher={Elsevier}
}

@book{kahneman2011thinking,
  title={Thinking, Fast and Slow},
  author={Kahneman, Daniel},
  year={2011},
  publisher={Farrar, Straus and Giroux}
}

@book{arlo2016readings,
  title={Readings in Formal Epistemology},
  author={Arl{\'o}-Costa, Horacio and Hendricks, Vincent F and van Benthem, Johan and Boensvang, Henrik and Rendsvig, Rasmus K},
    year={2016},
  publisher={Springer}
}

@inproceedings{tversky1977causal,
  title={Causal thinking in judgment under uncertainty},
  author={Tversky, Amos and Kahneman, Daniel},
  booktitle={Basic problems in methodology and linguistics},
  pages={167--190},
  year={1977},
  organization={Springer}
}

@article{tversky1980causal,
  title={Causal schemas in judgments under uncertainty},
  author={Tversky, Amos and Kahneman, Daniel},
  journal={Progress in social psychology},
  volume={1},
  pages={49--72},
  year={1980}
}

@misc{DRLnotwork,
author = {Irpan, Alex},
title = {Deep Reinforcement Learning Doesn't Work Yet},
journal = {Sorta Insightful},
type = {Blog},
year = {2018},
howpublished = {\url{https://www.alexirpan.com/2018/02/14/rl-hard.html}}

@article{he2008active,
  title={Active learning of causal networks with intervention experiments and optimal designs},
  author={He, Yang-Bo and Geng, Zhi},
  journal={Journal of Machine Learning Research},
  volume={9},
  number={Nov},
  pages={2523--2547},
  year={2008}
}

@inproceedings{meganck2006learning,
  title={Learning causal bayesian networks from observations and experiments: A decision theoretic approach},
  author={Meganck, Stijn and Leray, Philippe and Manderick, Bernard},
  booktitle={International Conference on Modeling Decisions for Artificial Intelligence},
  pages={58--69},
  year={2006},
  organization={Springer}
}

@article{murphy2001active,
  title={Active learning of causal Bayes net structure},
  author={Murphy, Kevin P},
  year={2001},
  publisher={Citeseer}
}

@inproceedings{tong2001active,
  title={Active learning for structure in Bayesian networks},
  author={Tong, Simon and Koller, Daphne},
  booktitle={International joint conference on artificial intelligence},
  volume={17},
  number={1},
  pages={863--869},
  year={2001},
  organization={LAWRENCE ERLBAUM ASSOCIATES LTD}
}


@InProceedings{10.1007/978-3-319-56970-3_9,
author="Ness, Robert Osazuwa
and Sachs, Karen
and Mallick, Parag
and Vitek, Olga",
editor="Sahinalp, S. Cenk",
title="A Bayesian Active Learning Experimental Design for Inferring Signaling Networks",
booktitle="Research in Computational Molecular Biology",
year="2017",
publisher="Springer International Publishing",
address="Cham",
pages="134--156",
abstract="Machine learning methods for learning network structure, applied to quantitative proteomics experiments, reverse-engineer intracellular signal transduction networks. They provide insight into the rewiring of signaling within the context of a disease or a phenotype. To learn the causal patterns of influence between proteins in the network, the methods require experiments that include targeted interventions that fix the activity of specific proteins. However, the interventions are costly and add experimental complexity.",
isbn="978-3-319-56970-3"
}

@article{rubenstein2017probabilistic,
  title={Probabilistic Active Learning of Functions in Structural Causal Models},
  author={Rubenstein, Paul K and Tolstikhin, Ilya and Hennig, Philipp and Schoelkopf, Bernhard},
  journal={arXiv preprint arXiv:1706.10234},
  year={2017}
}

@inproceedings{gabillon2012best,
  title={Best arm identification: A unified approach to fixed budget and fixed confidence},
  author={Gabillon, Victor and Ghavamzadeh, Mohammad and Lazaric, Alessandro},
  booktitle={Advances in Neural Information Processing Systems},
  pages={3212--3220},
  year={2012}
}

@inproceedings{bubeck2009pure,
  title={Pure exploration in multi-armed bandits problems},
  author={Bubeck, S{\'e}bastien and Munos, R{\'e}mi and Stoltz, Gilles},
  booktitle={International conference on Algorithmic learning theory},
  pages={23--37},
  year={2009},
  organization={Springer}
}


@inproceedings{agarwal2014taming,
  title={Taming the monster: A fast and simple algorithm for contextual bandits},
  author={Agarwal, Alekh and Hsu, Daniel and Kale, Satyen and Langford, John and Li, Lihong and Schapire, Robert},
  booktitle={International Conference on Machine Learning},
  pages={1638--1646},
  year={2014}
}

@book{woodward2005making,
  title={Making things happen: A theory of causal explanation},
  author={Woodward, James},
  year={2005},
  publisher={Oxford university press}
}

@InCollection{sep-causation-mani,
	author       =	{Woodward, James},
	title        =	{Causation and Manipulability},
	booktitle    =	{The Stanford Encyclopedia of Philosophy},
	editor       =	{Edward N. Zalta},
	howpublished =	{\url{https://plato.stanford.edu/archives/win2016/entries/causation-mani/}},
	year         =	{2016},
	edition      =	{Winter 2016},
	publisher    =	{Metaphysics Research Lab, Stanford University}
}

@book{munkres2000topology,
  title={Topology},
  author={Munkres, James R},
  year={2000},
  publisher={Prentice Hall}
}

@techreport{milnor1951games,
  title={Games against nature},
  author={Milnor, John},
  year={1951},
  institution={RAND PROJECT AIR FORCE SANTA MONICA CA}
}

@article{papadimitriou1985games,
  title={Games against nature},
  author={Papadimitriou, Christos H},
  journal={Journal of Computer and System Sciences},
  volume={31},
  number={2},
  pages={288--301},
  year={1985},
  publisher={Elsevier}
}

@Inbook{Szep1985,
author="Sz{\'e}p, J.
and Forg{\'o}, F.",
title="Games against nature",
bookTitle="Introduction to the Theory of Games",
year="1985",
publisher="Springer Netherlands",
address="Dordrecht",
pages="230--236",
abstract="The theory of games is concerned with analyzing conflict situations where the participants of the game are conscious, rational entities seeking to reach (or approach) some objective. Very often one of the participants (players) cannot be regarded as a conscious individual having his own preferences and objectives. Thus the other players cannot count on his rational behaviour.",
isbn="978-94-009-5193-8",
doi="10.1007/978-94-009-5193-8_21",
url="https://doi.org/10.1007/978-94-009-5193-8_21"
}

@incollection{eiselt2004games,
  title={Games Against Nature},
  author={Eiselt, HA and Sandblom, C-L},
  booktitle={Decision Analysis, Location Models, and Scheduling Problems},
  pages={73--109},
  year={2004},
  publisher={Springer}
}

@article{billot2005probabilities,
  title={Probabilities as Similarity-Weighted Frequencies},
  author={Billot, Antoine and Gilboa, Itzhak and Samet, Dov and Schmeidler, David},
  journal={Econometrica},
  volume={73},
  number={4},
  pages={1125--1136},
  year={2005},
  publisher={Wiley Online Library}
}

@incollection{gilboa2016ambiguity,
  title={Ambiguity and the Bayesian paradigm},
  author={Gilboa, Itzhak and Marinacci, Massimo},
  booktitle={Readings in Formal Epistemology},
  pages={385--439},
  year={2016},
  publisher={Springer}
}

@article{harsanyi1967games1,
  title={Games with incomplete information played by “Bayesian” players, I--III Part I. The basic model},
  author={Harsanyi, John C},
  journal={Management science},
  volume={14},
  number={3},
  pages={159--182},
  year={1967},
  publisher={INFORMS}
}

@article{harsanyi1968games2,
  title={Games with incomplete information played by “Bayesian” players part II. Bayesian equilibrium points},
  author={Harsanyi, John C},
  journal={Management Science},
  volume={14},
  number={5},
  pages={320--334},
  year={1968},
  publisher={INFORMS}
}

@article{harsanyi1968games3,
  title={Games with incomplete information played by ‘Bayesian’players, part III. The basic probability distribution of the game},
  author={Harsanyi, John C},
  journal={Management Science},
  volume={14},
  number={7},
  pages={486--502},
  year={1968},
  publisher={INFORMS}
}

@article{fudenberg1998learning,
  title={Learning in games},
  author={Fudenberg, Drew and Levine, David},
  journal={European economic review},
  volume={42},
  number={3-5},
  pages={631--639},
  year={1998},
  publisher={Elsevier}
}
@book{fudenberg1998theory,
  title={The theory of learning in games},
  author={Fudenberg, Drew and Levine, David K},
  year={1998},
  publisher={MIT press}
}

@book{wakker2010prospect,
  title={Prospect theory: For risk and ambiguity},
  author={Wakker, Peter P},
  year={2010},
  publisher={Cambridge university press}
}

@article{dempster1977maximum,
  title={Maximum likelihood from incomplete data via the EM algorithm},
  author={Dempster, Arthur P and Laird, Nan M and Rubin, Donald B},
  journal={Journal of the royal statistical society. Series B (methodological)},
  pages={1--38},
  year={1977},
  publisher={JSTOR}
}

@book{barber2012bayesian,
  title={Bayesian Reasoning and Machine Learning},
  author={Barber, David},
  year={2012},
  publisher={Cambridge University Press}
}

@article{ferguson1973bayesian,
  title={A Bayesian Analysis of Some Nonparametric Problems},
  author={Ferguson, Thomas S},
  journal={The Annals of Statistics},
  volume={1},
  number={2},
  pages={209--230},
  year={1973}
}

@inproceedings{ankan2015pgmpy,
  title={pgmpy: Probabilistic Graphical Models using Python},
  author={Ankan, Ankur and Panda, Abinash},
  booktitle={Proceedings of the 14th Python in Science Conference (SCIPY 2015)},
  year={2015},
  organization={Citeseer}
}

@book{binmore2008rational,
  title={Rational decisions},
  author={Binmore, Ken},
  year={2008},
  publisher={Princeton University Press}
}